<?xml version="1.0" encoding="UTF-8"?>
<!DOCTYPE html PUBLIC "-//W3C//DTD XHTML 1.0 Transitional//EN"
    "http://www.w3.org/TR/xhtml1/DTD/xhtml1-transitional.dtd">
<html xmlns="http://www.w3.org/1999/xhtml" xml:lang="en" lang="en">
 <head>
  <title>
</title>
<meta http-equiv="Content-Type" content="text/html;charset=utf-8" />
  <meta name='ocr-system' content='tesseract 3.04.00' />
  <meta name='ocr-capabilities' content='ocr_page ocr_carea ocr_par ocr_line ocrx_word'/>
</head>
<body>
  <div class='ocr_page' id='page_1' title='image "./theologidogmati01kenrgoog_0050.png"; bbox 0 0 2744 5024; ppageno 0'>
   <div class='ocr_carea' id='block_1_1' title="bbox 436 213 1267 278">
    <p class='ocr_par' dir='ltr' id='par_1_1' title="bbox 436 213 1267 278">
     <span class='ocr_line' id='line_1_1' title="bbox 436 213 1267 278; baseline -0.002 -1"><span class='ocrx_word' id='word_1_1' title='bbox 436 213 495 278; x_wconf 77' lang='lat' dir='ltr'><strong>Du</strong></span> <span class='ocrx_word' id='word_1_2' title='bbox 515 214 703 278; x_wconf 69' lang='grc' dir='ltr'><strong>ΗΟΜΙΝΙθῖ</strong></span> <span class='ocrx_word' id='word_1_3' title='bbox 717 214 899 278; x_wconf 68' lang='lat' dir='ltr'><strong>NATURA.</strong></span> <span class='ocrx_word' id='word_1_4' title='bbox 1135 240 1140 253; x_wconf 95' lang='lat'><strong>··</strong></span> <span class='ocrx_word' id='word_1_5' title='bbox 1227 219 1267 275; x_wconf 72' lang='lat'><strong>2⁹</strong></span> 
     </span>
    </p>
   </div>
   <div class='ocr_carea' id='block_1_2' title="bbox 9 364 1327 2844">
    <p class='ocr_par' dir='ltr' id='par_1_2' title="bbox 9 364 1327 2844">
     <span class='ocr_line' id='line_1_2' title="bbox 109 364 1327 458; baseline 0.007 -35"><span class='ocrx_word' id='word_1_6' title='bbox 109 368 164 425; x_wconf 75' lang='lat'><strong>⁷4.</strong></span> <span class='ocrx_word' id='word_1_7' title='bbox 186 366 324 428; x_wconf 82' lang='lat' dir='ltr'><strong>Animam</strong></span> <span class='ocrx_word' id='word_1_8' title='bbox 339 369 501 448; x_wconf 76' lang='lat' dir='ltr'><strong>simplicem</strong></span> <span class='ocrx_word' id='word_1_9' title='bbox 513 392 580 432; x_wconf 86' lang='lat' dir='ltr'><strong>esse</strong></span> <span class='ocrx_word' id='word_1_10' title='bbox 593 376 789 443; x_wconf 82' lang='lat' dir='ltr'><strong>mbstantiam,</strong></span> <span class='ocrx_word' id='word_1_11' title='bbox 799 372 943 452; x_wconf 81' lang='lat' dir='ltr'><strong>spiritum,</strong></span> <span class='ocrx_word' id='word_1_12' title='bbox 956 371 1077 458; x_wconf 72' lang='lat' dir='ltr'><strong>scilicet,</strong></span> <span class='ocrx_word' id='word_1_13' title='bbox 1089 370 1269 450; x_wconf 84' lang='lat' dir='ltr'><strong>intelligendi</strong></span> <span class='ocrx_word' id='word_1_14' title='bbox 1319 364 1327 375; x_wconf 84' lang='grc'><strong>’</strong></span> 
     </span>
     <span class='ocr_line' id='line_1_3' title="bbox 55 464 1267 549; baseline 0.01 -31"><span class='ocrx_word' id='word_1_15' title='bbox 55 470 87 518; x_wconf 89' lang='lat' dir='ltr'><strong>ct</strong></span> <span class='ocrx_word' id='word_1_16' title='bbox 108 464 230 523; x_wconf 81' lang='lat' dir='ltr'><strong>volendi</strong></span> <span class='ocrx_word' id='word_1_17' title='bbox 241 465 379 526; x_wconf 71' lang='lat' dir='ltr'><strong>facultate</strong></span> <span class='ocrx_word' id='word_1_18' title='bbox 392 469 557 545; x_wconf 71' lang='lat' dir='ltr'><strong>proditum,</strong></span> <span class='ocrx_word' id='word_1_19' title='bbox 572 483 708 549; x_wconf 85' lang='lat' dir='ltr'><strong>perpetua</strong></span> <span class='ocrx_word' id='word_1_20' title='bbox 728 472 782 531; x_wconf 90' lang='lat' dir='ltr'><strong>fnit</strong></span> <span class='ocrx_word' id='word_1_21' title='bbox 800 470 884 533; x_wconf 81' lang='lat' dir='ltr'><strong>fides.</strong></span> <span class='ocrx_word' id='word_1_22' title='bbox 926 468 975 531; x_wconf 81' lang='lat' dir='ltr'><strong>Sic</strong></span> <span class='ocrx_word' id='word_1_23' title='bbox 989 470 1183 530; x_wconf 69' lang='lat' dir='ltr'><strong>Ecclesifltes</strong></span> <span class='ocrx_word' id='word_1_24' title='bbox 1200 488 1267 546; x_wconf 77' lang='lat' dir='ltr'><strong>qum</strong></span> 
     </span>
     <span class='ocr_line' id='line_1_4' title="bbox 61 564 1267 650; baseline 0.01 -36"><span class='ocrx_word' id='word_1_25' title='bbox 61 570 229 632; x_wconf 88' lang='lat' dir='ltr'><strong>sequnntur</strong></span> <span class='ocrx_word' id='word_1_26' title='bbox 242 573 363 622; x_wconf 90' lang='lat' dir='ltr'><strong>mortem</strong></span> <span class='ocrx_word' id='word_1_27' title='bbox 378 564 530 625; x_wconf 73' lang='lat' dir='ltr'>describit:</span> <span class='ocrx_word' id='word_1_28' title='bbox 554 569 625 626; x_wconf 86' lang='lat' dir='ltr'><strong>“Et</strong></span> <span class='ocrx_word' id='word_1_29' title='bbox 637 577 794 627; x_wconf 85' lang='lat' dir='ltr'><strong>revertatur</strong></span> <span class='ocrx_word' id='word_1_30' title='bbox 807 566 903 650; x_wconf 69' lang='lat' dir='ltr'><strong>pulsis</strong></span> <span class='ocrx_word' id='word_1_31' title='bbox 915 568 946 627; x_wconf 87' lang='lat' dir='ltr'><strong>in</strong></span> <span class='ocrx_word' id='word_1_32' title='bbox 966 576 1069 625; x_wconf 86' lang='lat' dir='ltr'><strong>terram</strong></span> <span class='ocrx_word' id='word_1_33' title='bbox 1083 584 1176 637; x_wconf 76' lang='lat' dir='ltr'><strong>susm,</strong></span> <span class='ocrx_word' id='word_1_34' title='bbox 1188 567 1267 626; x_wconf 81' lang='lat' dir='ltr'><strong>unde</strong></span> 
     </span>
     <span class='ocr_line' id='line_1_5' title="bbox 60 657 1266 737; baseline 0.012 -27"><span class='ocrx_word' id='word_1_35' title='bbox 60 665 134 722; x_wconf 87' lang='lat' dir='ltr'><strong>erat,</strong></span> <span class='ocrx_word' id='word_1_36' title='bbox 157 666 186 714; x_wconf 87' lang='lat' dir='ltr'><strong>et</strong></span> <span class='ocrx_word' id='word_1_37' title='bbox 200 657 318 732; x_wconf 88' lang='lat' dir='ltr'><strong>spiritus</strong></span> <span class='ocrx_word' id='word_1_38' title='bbox 330 659 427 719; x_wconf 82' lang='lat' dir='ltr'><strong>redeat</strong></span> <span class='ocrx_word' id='word_1_39' title='bbox 439 660 475 718; x_wconf 84' lang='lat' dir='ltr'><strong>ad</strong></span> <span class='ocrx_word' id='word_1_40' title='bbox 489 662 595 731; x_wconf 78' lang='lat' dir='ltr'><strong>Deum,</strong></span> <span class='ocrx_word' id='word_1_41' title='bbox 611 664 660 737; x_wconf 89' lang='lat' dir='ltr'><strong>qui</strong></span> <span class='ocrx_word' id='word_1_42' title='bbox 674 663 754 722; x_wconf 83' lang='lat' dir='ltr'>dedit</span> <span class='ocrx_word' id='word_1_43' title='bbox 766 663 896 723; x_wconf 81' lang='lat' dir='ltr'><strong>illum.’&#39;²</strong></span> <span class='ocrx_word' id='word_1_44' title='bbox 934 665 963 718; x_wconf 70' lang='lat' dir='ltr'><strong>ri</strong></span> <span class='ocrx_word' id='word_1_45' title='bbox 976 679 1070 732; x_wconf 67' lang='lat' dir='ltr'><strong>muoso</strong></span> <span class='ocrx_word' id='word_1_46' title='bbox 1080 663 1124 718; x_wconf 72' lang='lat' dir='ltr'><strong>soi</strong></span> <span class='ocrx_word' id='word_1_47' title='bbox 1139 661 1266 734; x_wconf 60' lang='grc' dir='ltr'><strong>ὄνκῶκον</strong></span> 
     </span>
     <span class='ocr_line' id='line_1_6' title="bbox 61 749 1262 836; baseline 0.012 -34"><span class='ocrx_word' id='word_1_48' title='bbox 61 749 202 806; x_wconf 63' lang='lat' dir='ltr'><strong>clesdune</strong></span> <span class='ocrx_word' id='word_1_49' title='bbox 233 753 388 831; x_wconf 77' lang='lat' dir='ltr'><strong>“Spiritus</strong></span> <span class='ocrx_word' id='word_1_50' title='bbox 408 756 534 815; x_wconf 91' lang='lat' dir='ltr'><strong>hominis</strong></span> <span class='ocrx_word' id='word_1_51' title='bbox 559 759 659 831; x_wconf 90' lang='lat' dir='ltr'><strong>quiin</strong></span> <span class='ocrx_word' id='word_1_52' title='bbox 683 760 747 836; x_wconf 90' lang='lat' dir='ltr'><strong>ipso</strong></span> <span class='ocrx_word' id='word_1_53' title='bbox 767 759 891 827; x_wconf 86' lang='lat' dir='ltr'><strong>est,’&#39;¹s</strong></span> <span class='ocrx_word' id='word_1_54' title='bbox 913 759 946 816; x_wconf 79' lang='lat' dir='ltr'><strong>S.</strong></span> <span class='ocrx_word' id='word_1_55' title='bbox 969 757 1060 817; x_wconf 85' lang='lat' dir='ltr'><strong>Paulo</strong></span> <span class='ocrx_word' id='word_1_56' title='bbox 1080 765 1262 817; x_wconf 87' lang='lat' dir='ltr'><strong>memoratur.</strong></span> 
     </span>
     <span class='ocr_line' id='line_1_7' title="bbox 65 844 1266 924; baseline 0.007 -19"><span class='ocrx_word' id='word_1_57' title='bbox 65 844 230 924; x_wconf 72' lang='lat' dir='ltr'><strong>Stephanus</strong></span> <span class='ocrx_word' id='word_1_58' title='bbox 245 852 432 911; x_wconf 90' lang='lat' dir='ltr'><strong>moribundus</strong></span> <span class='ocrx_word' id='word_1_59' title='bbox 446 854 571 912; x_wconf 78' lang='lat' dir='ltr'><strong>animam</strong></span> <span class='ocrx_word' id='word_1_60' title='bbox 587 855 725 914; x_wconf 80' lang='lat' dir='ltr'><strong>Salvatori</strong></span> <span class='ocrx_word' id='word_1_61' title='bbox 741 866 770 914; x_wconf 90' lang='lat' dir='ltr'><strong>ct</strong></span> <span class='ocrx_word' id='word_1_62' title='bbox 783 855 910 915; x_wconf 90' lang='lat' dir='ltr'><strong>Domino</strong></span> <span class='ocrx_word' id='word_1_63' title='bbox 920 854 1153 914; x_wconf 68' lang='lat' dir='ltr'><strong>commendabat:</strong></span> <span class='ocrx_word' id='word_1_64' title='bbox 1176 864 1197 893; x_wconf 79' lang='lat'><strong>‘⁸</strong></span> <span class='ocrx_word' id='word_1_65' title='bbox 1207 854 1266 914; x_wconf 87' lang='lat' dir='ltr'><strong>Do·</strong></span> 
     </span>
     <span class='ocr_line' id='line_1_8' title="bbox 71 943 1266 1030; baseline 0.008 -30"><span class='ocrx_word' id='word_1_66' title='bbox 71 943 145 1003; x_wconf 86' lang='lat' dir='ltr'><strong>mine</strong></span> <span class='ocrx_word' id='word_1_67' title='bbox 158 946 243 1018; x_wconf 82' lang='lat' dir='ltr'><strong>lesu,</strong></span> <span class='ocrx_word' id='word_1_68' title='bbox 260 949 376 1024; x_wconf 77' lang='lat' dir='ltr'><strong>suscipe</strong></span> <span class='ocrx_word' id='word_1_69' title='bbox 390 950 520 1026; x_wconf 89' lang='lat' dir='ltr'><strong>spiritum</strong></span> <span class='ocrx_word' id='word_1_70' title='bbox 542 951 687 1012; x_wconf 85' lang='lat' dir='ltr'><strong>meum.&#39;’⁸</strong></span> <span class='ocrx_word' id='word_1_71' title='bbox 725 952 851 1011; x_wconf 76' lang='lat' dir='ltr'><strong>lacobus</strong></span> <span class='ocrx_word' id='word_1_72' title='bbox 866 953 998 1030; x_wconf 89' lang='lat' dir='ltr'><strong>spiritum</strong></span> <span class='ocrx_word' id='word_1_73' title='bbox 1019 969 1167 1028; x_wconf 79' lang='lat' dir='ltr'><strong>acorpore</strong></span> <span class='ocrx_word' id='word_1_74' title='bbox 1180 951 1266 1028; x_wconf 80' lang='lat' dir='ltr'><strong>plane</strong></span> 
     </span>
     <span class='ocr_line' id='line_1_9' title="bbox 9 1037 1267 1124; baseline 0.006 -27"><span class='ocrx_word' id='word_1_75' title='bbox 9 1056 17 1077; x_wconf 85' lang='grc'><em>·</em></span> <span class='ocrx_word' id='word_1_76' title='bbox 76 1037 243 1120; x_wconf 87' lang='lat' dir='ltr'><strong>distinguit:</strong></span> <span class='ocrx_word' id='word_1_77' title='bbox 266 1053 286 1080; x_wconf 78' lang='lat'><strong>⁴⁶</strong></span> <span class='ocrx_word' id='word_1_78' title='bbox 298 1045 381 1102; x_wconf 87' lang='lat' dir='ltr'><strong>Sicut</strong></span> <span class='ocrx_word' id='word_1_79' title='bbox 392 1063 497 1123; x_wconf 85' lang='lat' dir='ltr'><strong>corpus</strong></span> <span class='ocrx_word' id='word_1_80' title='bbox 511 1048 573 1105; x_wconf 90' lang='lat' dir='ltr'><strong>sius</strong></span> <span class='ocrx_word' id='word_1_81' title='bbox 587 1050 690 1124; x_wconf 88' lang='lat' dir='ltr'><strong>spiritu</strong></span> <span class='ocrx_word' id='word_1_82' title='bbox 705 1059 848 1108; x_wconf 87' lang='lat' dir='ltr'><strong>mortuum</strong></span> <span class='ocrx_word' id='word_1_83' title='bbox 862 1058 915 1117; x_wconf 91' lang='lat' dir='ltr'><strong>est,</strong></span> <span class='ocrx_word' id='word_1_84' title='bbox 930 1048 970 1105; x_wconf 93' lang='lat' dir='ltr'><strong>ita</strong></span> <span class='ocrx_word' id='word_1_85' title='bbox 982 1056 1011 1104; x_wconf 90' lang='lat' dir='ltr'><strong>et</strong></span> <span class='ocrx_word' id='word_1_86' title='bbox 1024 1046 1096 1105; x_wconf 87' lang='lat' dir='ltr'><strong>fides</strong></span> <span class='ocrx_word' id='word_1_87' title='bbox 1115 1047 1179 1104; x_wconf 85' lang='lat' dir='ltr'><strong>sine</strong></span> <span class='ocrx_word' id='word_1_88' title='bbox 1199 1063 1267 1122; x_wconf 85' lang='lat' dir='ltr'><strong>ope-</strong></span> 
     </span>
     <span class='ocr_line' id='line_1_10' title="bbox 74 1134 1267 1220; baseline 0.007 -30"><span class='ocrx_word' id='word_1_89' title='bbox 74 1134 145 1194; x_wconf 85' lang='lat' dir='ltr'><strong>ribus</strong></span> <span class='ocrx_word' id='word_1_90' title='bbox 158 1149 272 1196; x_wconf 86' lang='lat' dir='ltr'><strong>mortua</strong></span> <span class='ocrx_word' id='word_1_91' title='bbox 291 1139 386 1197; x_wconf 84' lang='lat' dir='ltr'><strong>est.”⁴</strong></span> <span class='ocrx_word' id='word_1_92' title='bbox 426 1140 542 1217; x_wconf 90' lang='lat' dir='ltr'><strong>Dogma</strong></span> <span class='ocrx_word' id='word_1_93' title='bbox 562 1143 617 1200; x_wconf 90' lang='lat' dir='ltr'><strong>hoc</strong></span> <span class='ocrx_word' id='word_1_94' title='bbox 637 1145 694 1220; x_wconf 87' lang='lat' dir='ltr'><strong>ipsi</strong></span> <span class='ocrx_word' id='word_1_95' title='bbox 708 1143 842 1202; x_wconf 89' lang='lat' dir='ltr'><strong>suadetur</strong></span> <span class='ocrx_word' id='word_1_96' title='bbox 861 1142 974 1210; x_wconf 90' lang='lat' dir='ltr'><strong>rstioni,</strong></span> <span class='ocrx_word' id='word_1_97' title='bbox 989 1139 1170 1218; x_wconf 69' lang='lat' dir='ltr'><strong>cogitationis</strong></span> <span class='ocrx_word' id='word_1_98' title='bbox 1188 1139 1267 1198; x_wconf 87' lang='lat' dir='ltr'><strong>enim</strong></span> 
     </span>
     <span class='ocr_line' id='line_1_11' title="bbox 9 1227 1267 1307; baseline 0.002 -17"><span class='ocrx_word' id='word_1_99' title='bbox 9 1298 11 1305; x_wconf 49' lang='grc'>,</span> <span class='ocrx_word' id='word_1_100' title='bbox 78 1227 283 1307; x_wconf 74' lang='lat' dir='ltr'><strong>simplicissima</strong></span> <span class='ocrx_word' id='word_1_101' title='bbox 297 1243 405 1299; x_wconf 85' lang='lat' dir='ltr'><strong>natura,</strong></span> <span class='ocrx_word' id='word_1_102' title='bbox 422 1246 451 1293; x_wconf 88' lang='lat' dir='ltr'><strong>et</strong></span> <span class='ocrx_word' id='word_1_103' title='bbox 464 1236 535 1294; x_wconf 83' lang='lat' dir='ltr'><strong>mira</strong></span> <span class='ocrx_word' id='word_1_104' title='bbox 550 1238 738 1296; x_wconf 86' lang='lat' dir='ltr'><strong>ratiocinandi</strong></span> <span class='ocrx_word' id='word_1_105' title='bbox 751 1239 880 1306; x_wconf 82' lang='lat' dir='ltr'><strong>facultas,</strong></span> <span class='ocrx_word' id='word_1_106' title='bbox 894 1254 960 1296; x_wconf 89' lang='lat' dir='ltr'><strong>cum</strong></span> <span class='ocrx_word' id='word_1_107' title='bbox 976 1235 1090 1294; x_wconf 78' lang='lat' dir='ltr'><strong>coeteris</strong></span> <span class='ocrx_word' id='word_1_108' title='bbox 1103 1234 1207 1294; x_wconf 88' lang='lat' dir='ltr'><strong>mentis</strong></span> <span class='ocrx_word' id='word_1_109' title='bbox 1222 1252 1267 1292; x_wconf 85' lang='lat' dir='ltr'><strong>ac·</strong></span> 
     </span>
     <span class='ocr_line' id='line_1_12' title="bbox 9 1325 635 1399; baseline 0.013 -19"><span class='ocrx_word' id='word_1_110' title='bbox 9 1374 17 1399; x_wconf 26' lang='grc' dir='ltr'>ι</span> <span class='ocrx_word' id='word_1_111' title='bbox 78 1325 159 1395; x_wconf 85' lang='lat' dir='ltr'><strong>tibus,</strong></span> <span class='ocrx_word' id='word_1_112' title='bbox 174 1329 304 1387; x_wconf 84' lang='lat' dir='ltr'><strong>materiei</strong></span> <span class='ocrx_word' id='word_1_113' title='bbox 319 1329 438 1387; x_wconf 90' lang='lat' dir='ltr'><strong>minime</strong></span> <span class='ocrx_word' id='word_1_114' title='bbox 453 1332 635 1389; x_wconf 82' lang='lat' dir='ltr'><strong>conveniunt.</strong></span> 
     </span>
     <span class='ocr_line' id='line_1_13' title="bbox 9 1423 1262 1501; baseline 0.003 -23"><span class='ocrx_word' id='word_1_115' title='bbox 9 1456 22 1492; x_wconf 82' lang='grc'><strong>,</strong></span> <span class='ocrx_word' id='word_1_116' title='bbox 111 1426 158 1480; x_wconf 69' lang='lat'><strong>⁸1⁵.</strong></span> <span class='ocrx_word' id='word_1_117' title='bbox 175 1423 250 1482; x_wconf 80' lang='lat' dir='ltr'><strong>Smrt</strong></span> <span class='ocrx_word' id='word_1_118' title='bbox 264 1425 337 1482; x_wconf 87' lang='lat' dir='ltr'><strong>inter</strong></span> <span class='ocrx_word' id='word_1_119' title='bbox 359 1425 522 1501; x_wconf 78' lang='lat' dir='ltr'><strong>Religionis</strong></span> <span class='ocrx_word' id='word_1_120' title='bbox 536 1427 633 1485; x_wconf 85' lang='lat' dir='ltr'><strong>hostes</strong></span> <span class='ocrx_word' id='word_1_121' title='bbox 648 1428 699 1500; x_wconf 90' lang='lat' dir='ltr'><strong>qui</strong></span> <span class='ocrx_word' id='word_1_122' title='bbox 718 1429 843 1487; x_wconf 86' lang='lat' dir='ltr'><strong>animam</strong></span> <span class='ocrx_word' id='word_1_123' title='bbox 865 1427 1040 1486; x_wconf 70' lang='lat' dir='ltr'><strong>materialem</strong></span> <span class='ocrx_word' id='word_1_124' title='bbox 1060 1443 1126 1485; x_wconf 83' lang='lat' dir='ltr'><strong>esse</strong></span> <span class='ocrx_word' id='word_1_125' title='bbox 1145 1434 1262 1484; x_wconf 89' lang='lat' dir='ltr'><strong>conten·</strong></span> 
     </span>
     <span class='ocr_line' id='line_1_14' title="bbox 9 1515 1265 1600; baseline -0.002 -20"><span class='ocrx_word' id='word_1_126' title='bbox 9 1545 21 1580; x_wconf 73' lang='grc' dir='ltr'><strong>,ι</strong></span> <span class='ocrx_word' id='word_1_127' title='bbox 85 1515 155 1586; x_wconf 76' lang='lat' dir='ltr'><strong>dunt3</strong></span> <span class='ocrx_word' id='word_1_128' title='bbox 169 1519 214 1578; x_wconf 81' lang='lat' dir='ltr'><strong>vel</strong></span> <span class='ocrx_word' id='word_1_129' title='bbox 231 1521 327 1596; x_wconf 89' lang='lat' dir='ltr'><strong>potius</strong></span> <span class='ocrx_word' id='word_1_130' title='bbox 348 1521 420 1580; x_wconf 83' lang='lat' dir='ltr'><strong>nihil</strong></span> <span class='ocrx_word' id='word_1_131' title='bbox 440 1539 491 1598; x_wconf 87' lang='lat' dir='ltr'><strong>per</strong></span> <span class='ocrx_word' id='word_1_132' title='bbox 504 1540 536 1579; x_wconf 85' lang='lat' dir='ltr'><strong>sc</strong></span> <span class='ocrx_word' id='word_1_133' title='bbox 549 1541 639 1590; x_wconf 65' lang='lat' dir='ltr'><strong>esse-n</strong></span> <span class='ocrx_word' id='word_1_134' title='bbox 649 1523 700 1581; x_wconf 92' lang='lat' dir='ltr'><strong>sed</strong></span> <span class='ocrx_word' id='word_1_135' title='bbox 721 1525 868 1582; x_wconf 83' lang='lat' dir='ltr'><strong>materiam</strong></span> <span class='ocrx_word' id='word_1_136' title='bbox 881 1522 1106 1600; x_wconf 78' lang='lat' dir='ltr'><strong>orgenisutcm,</strong></span> <span class='ocrx_word' id='word_1_137' title='bbox 1121 1521 1163 1580; x_wconf 85' lang='lat' dir='ltr'><strong>uti</strong></span> <span class='ocrx_word' id='word_1_138' title='bbox 1175 1521 1265 1585; x_wconf 87' lang='lat' dir='ltr'><strong>aiunt.</strong></span> 
     </span>
     <span class='ocr_line' id='line_1_15' title="bbox 85 1613 1267 1696; baseline 0.003 -26"><span class='ocrx_word' id='word_1_139' title='bbox 85 1613 173 1671; x_wconf 84' lang='lat' dir='ltr'><strong>animal</strong></span> <span class='ocrx_word' id='word_1_140' title='bbox 187 1615 351 1691; x_wconf 79' lang='lat' dir='ltr'><strong>praedicant,</strong></span> <span class='ocrx_word' id='word_1_141' title='bbox 364 1617 625 1694; x_wconf 76' lang='lat' dir='ltr'><strong>organisationem</strong></span> <span class='ocrx_word' id='word_1_142' title='bbox 637 1621 700 1676; x_wconf 79' lang='lat' dir='ltr'><strong>vites</strong></span> <span class='ocrx_word' id='word_1_143' title='bbox 710 1638 773 1677; x_wconf 86' lang='lat' dir='ltr'><strong>csse</strong></span> <span class='ocrx_word' id='word_1_144' title='bbox 786 1620 958 1696; x_wconf 89' lang='lat' dir='ltr'><strong>principium</strong></span> <span class='ocrx_word' id='word_1_145' title='bbox 969 1617 1184 1676; x_wconf 82' lang='lat' dir='ltr'><strong>contendentes.</strong></span> <span class='ocrx_word' id='word_1_146' title='bbox 1212 1615 1267 1674; x_wconf 83' lang='lat' dir='ltr'><strong>Er·</strong></span> 
     </span>
     <span class='ocr_line' id='line_1_16' title="bbox 89 1711 1267 1792; baseline 0.004 -27"><span class='ocrx_word' id='word_1_147' title='bbox 89 1727 165 1769; x_wconf 89' lang='lat' dir='ltr'><strong>rorem</strong></span> <span class='ocrx_word' id='word_1_148' title='bbox 179 1711 256 1773; x_wconf 89' lang='lat' dir='ltr'><strong>huuc</strong></span> <span class='ocrx_word' id='word_1_149' title='bbox 270 1724 384 1772; x_wconf 89' lang='lat' dir='ltr'><strong>tuentur</strong></span> <span class='ocrx_word' id='word_1_150' title='bbox 396 1733 432 1772; x_wconf 86' lang='lat' dir='ltr'><strong>ea</strong></span> <span class='ocrx_word' id='word_1_151' title='bbox 446 1716 590 1791; x_wconf 80' lang='lat' dir='ltr'><strong>praecipue</strong></span> <span class='ocrx_word' id='word_1_152' title='bbox 605 1716 723 1782; x_wconf 88' lang='lat' dir='ltr'><strong>ratione,</strong></span> <span class='ocrx_word' id='word_1_153' title='bbox 735 1715 813 1789; x_wconf 89' lang='lat' dir='ltr'><strong>quod</strong></span> <span class='ocrx_word' id='word_1_154' title='bbox 827 1716 902 1774; x_wconf 84' lang='lat' dir='ltr'><strong>vires</strong></span> <span class='ocrx_word' id='word_1_155' title='bbox 916 1713 1103 1792; x_wconf 89' lang='lat' dir='ltr'><strong>intelligendi,</strong></span> <span class='ocrx_word' id='word_1_156' title='bbox 1117 1711 1267 1772; x_wconf 82' lang='lat' dir='ltr'><strong>recordan-</strong></span> 
     </span>
     <span class='ocr_line' id='line_1_17' title="bbox 83 1801 1267 1886; baseline 0.002 -25"><span class='ocrx_word' id='word_1_157' title='bbox 83 1801 123 1870; x_wconf 82' lang='lat' dir='ltr'><strong>di,</strong></span> <span class='ocrx_word' id='word_1_158' title='bbox 144 1807 323 1883; x_wconf 73' lang='lat' dir='ltr'><strong>nolendique,</strong></span> <span class='ocrx_word' id='word_1_159' title='bbox 345 1829 409 1883; x_wconf 80' lang='lat' dir='ltr'><strong>quae</strong></span> <span class='ocrx_word' id='word_1_160' title='bbox 437 1811 540 1869; x_wconf 80' lang='lat' dir='ltr'><strong>animm</strong></span> <span class='ocrx_word' id='word_1_161' title='bbox 561 1810 694 1870; x_wconf 87' lang='lat' dir='ltr'><strong>dicuntur</strong></span> <span class='ocrx_word' id='word_1_162' title='bbox 713 1812 870 1877; x_wconf 74' lang='lat' dir='ltr'><strong>facultates,</strong></span> <span class='ocrx_word' id='word_1_163' title='bbox 891 1829 929 1868; x_wconf 82' lang='lat' dir='ltr'><strong>ex</strong></span> <span class='ocrx_word' id='word_1_164' title='bbox 952 1811 1080 1886; x_wconf 87' lang='lat' dir='ltr'><strong>corporis</strong></span> <span class='ocrx_word' id='word_1_165' title='bbox 1103 1807 1267 1867; x_wconf 88' lang='lat' dir='ltr'><strong>conditione</strong></span> 
     </span>
     <span class='ocr_line' id='line_1_18' title="bbox 10 1894 1268 1982; baseline -0.002 -21"><span class='ocrx_word' id='word_1_166' title='bbox 10 1894 12 1919; x_wconf 78' lang='lat'>²</span> <span class='ocrx_word' id='word_1_167' title='bbox 79 1899 217 1970; x_wconf 81' lang='lat' dir='ltr'><strong>pendeant,</strong></span> <span class='ocrx_word' id='word_1_168' title='bbox 248 1902 386 1977; x_wconf 86' lang='lat' dir='ltr'><strong>ideoque,</strong></span> <span class='ocrx_word' id='word_1_169' title='bbox 408 1905 570 1982; x_wconf 85' lang='lat' dir='ltr'><strong>explicante</strong></span> <span class='ocrx_word' id='word_1_170' title='bbox 592 1923 624 1963; x_wconf 89' lang='lat' dir='ltr'><strong>se</strong></span> <span class='ocrx_word' id='word_1_171' title='bbox 648 1923 777 1981; x_wconf 89' lang='lat' dir='ltr'><strong>corpore,</strong></span> <span class='ocrx_word' id='word_1_172' title='bbox 803 1905 874 1981; x_wconf 77' lang='lat' dir='ltr'><strong>ipse</strong></span> <span class='ocrx_word' id='word_1_173' title='bbox 895 1903 1122 1968; x_wconf 85' lang='lat' dir='ltr'><strong>manifestentur,</strong></span> <span class='ocrx_word' id='word_1_174' title='bbox 1148 1917 1268 1976; x_wconf 85' lang='lat' dir='ltr'><strong>corpore</strong></span> 
     </span>
     <span class='ocr_line' id='line_1_19' title="bbox 76 1986 1268 2076; baseline 0.004 -27"><span class='ocrx_word' id='word_1_175' title='bbox 76 1986 280 2071; x_wconf 77' lang='lat' dir='ltr'><strong>languescente,</strong></span> <span class='ocrx_word' id='word_1_176' title='bbox 296 2000 340 2057; x_wconf 80' lang='lat' dir='ltr'><strong>rel</strong></span> <span class='ocrx_word' id='word_1_177' title='bbox 355 1999 434 2067; x_wconf 84' lang='lat' dir='ltr'><strong>laeso,</strong></span> <span class='ocrx_word' id='word_1_178' title='bbox 447 1999 590 2059; x_wconf 84' lang='lat' dir='ltr'><strong>deficiant.</strong></span> <span class='ocrx_word' id='word_1_179' title='bbox 633 2000 756 2076; x_wconf 89' lang='lat' dir='ltr'><strong>insuper</strong></span> <span class='ocrx_word' id='word_1_180' title='bbox 768 1997 1000 2075; x_wconf 79' lang='lat' dir='ltr'><strong>organizotimte</strong></span> <span class='ocrx_word' id='word_1_181' title='bbox 1013 1994 1166 2062; x_wconf 86' lang='lat' dir='ltr'><strong>destructa,</strong></span> <span class='ocrx_word' id='word_1_182' title='bbox 1180 1994 1268 2072; x_wconf 78' lang='lat' dir='ltr'><strong>portis</strong></span> 
     </span>
     <span class='ocr_line' id='line_1_20' title="bbox 76 2085 1268 2170; baseline 0.004 -27"><span class='ocrx_word' id='word_1_183' title='bbox 76 2085 189 2167; x_wconf 72' lang='lat' dir='ltr'><strong>alicujus</strong></span> <span class='ocrx_word' id='word_1_184' title='bbox 211 2093 305 2151; x_wconf 88' lang='lat' dir='ltr'><strong>vitalis</strong></span> <span class='ocrx_word' id='word_1_185' title='bbox 325 2094 455 2163; x_wconf 77' lang='lat' dir='ltr'><strong>laesione,</strong></span> <span class='ocrx_word' id='word_1_186' title='bbox 470 2096 529 2153; x_wconf 83' lang='lat' dir='ltr'><strong>vite</strong></span> <span class='ocrx_word' id='word_1_187' title='bbox 548 2095 654 2162; x_wconf 88' lang='lat' dir='ltr'><strong>deficit,</strong></span> <span class='ocrx_word' id='word_1_188' title='bbox 677 2114 740 2167; x_wconf 80' lang='lat' dir='ltr'><strong>quae</strong></span> <span class='ocrx_word' id='word_1_189' title='bbox 761 2093 881 2170; x_wconf 88' lang='lat' dir='ltr'><strong>proinde</strong></span> <span class='ocrx_word' id='word_1_190' title='bbox 903 2093 933 2151; x_wconf 91' lang='lat' dir='ltr'><strong>in</strong></span> <span class='ocrx_word' id='word_1_191' title='bbox 957 2093 1022 2169; x_wconf 86' lang='lat' dir='ltr'><strong>ipsa</strong></span> <span class='ocrx_word' id='word_1_192' title='bbox 1038 2088 1268 2168; x_wconf 76' lang='lat' dir='ltr'><strong>orgmt‘zoflcne</strong></span> 
     </span>
     <span class='ocr_line' id='line_1_21' title="bbox 70 2188 1268 2268; baseline 0.003 -26"><span class='ocrx_word' id='word_1_193' title='bbox 70 2188 228 2246; x_wconf 66' lang='lat' dir='ltr'><strong>sonuere</strong></span> <span class='ocrx_word' id='word_1_194' title='bbox 242 2190 358 2250; x_wconf 79' lang='lat' dir='ltr'><strong>dicitur.</strong></span> <span class='ocrx_word' id='word_1_195' title='bbox 398 2191 532 2265; x_wconf 81' lang='lat' dir='ltr'><strong>Denique</strong></span> <span class='ocrx_word' id='word_1_196' title='bbox 547 2193 703 2250; x_wconf 83' lang='lat' dir='ltr'><strong>substantia</strong></span> <span class='ocrx_word' id='word_1_197' title='bbox 717 2190 862 2268; x_wconf 82' lang='lat' dir='ltr'><strong>spiritalis,</strong></span> <span class='ocrx_word' id='word_1_198' title='bbox 877 2208 941 2263; x_wconf 81' lang='lat' dir='ltr'><strong>qum</strong></span> <span class='ocrx_word' id='word_1_199' title='bbox 955 2189 1034 2249; x_wconf 90' lang='lat' dir='ltr'><strong>nullo</strong></span> <span class='ocrx_word' id='word_1_200' title='bbox 1049 2205 1143 2247; x_wconf 90' lang='lat' dir='ltr'><strong>rerum</strong></span> <span class='ocrx_word' id='word_1_201' title='bbox 1156 2188 1268 2264; x_wconf 86' lang='lat' dir='ltr'><strong>experi-</strong></span> 
     </span>
     <span class='ocr_line' id='line_1_22' title="bbox 69 2285 1268 2364; baseline -0.001 -21"><span class='ocrx_word' id='word_1_202' title='bbox 69 2289 168 2345; x_wconf 78' lang='lat' dir='ltr'><strong>muto</strong></span> <span class='ocrx_word' id='word_1_203' title='bbox 181 2288 326 2363; x_wconf 86' lang='lat' dir='ltr'><strong>probatur,</strong></span> <span class='ocrx_word' id='word_1_204' title='bbox 339 2307 397 2347; x_wconf 92' lang='lat' dir='ltr'><strong>non</strong></span> <span class='ocrx_word' id='word_1_205' title='bbox 409 2298 464 2356; x_wconf 85' lang='lat' dir='ltr'><strong>est,</strong></span> <span class='ocrx_word' id='word_1_206' title='bbox 476 2289 618 2362; x_wconf 86' lang='lat' dir='ltr'><strong>inquiunt,</strong></span> <span class='ocrx_word' id='word_1_207' title='bbox 630 2289 685 2346; x_wconf 88' lang='lat' dir='ltr'><strong>sibi</strong></span> <span class='ocrx_word' id='word_1_208' title='bbox 699 2286 843 2364; x_wconf 83' lang='lat' dir='ltr'><strong>fingenda,</strong></span> <span class='ocrx_word' id='word_1_209' title='bbox 855 2287 893 2345; x_wconf 88' lang='lat' dir='ltr'><strong>ob</strong></span> <span class='ocrx_word' id='word_1_210' title='bbox 906 2286 1051 2346; x_wconf 81' lang='lat' dir='ltr'><strong>facultates</strong></span> <span class='ocrx_word' id='word_1_211' title='bbox 1065 2286 1169 2359; x_wconf 90' lang='lat' dir='ltr'><strong>quibus</strong></span> <span class='ocrx_word' id='word_1_212' title='bbox 1180 2285 1268 2344; x_wconf 89' lang='lat' dir='ltr'><strong>homo</strong></span> 
     </span>
     <span class='ocr_line' id='line_1_23' title="bbox 60 2377 1268 2460; baseline 0 -20"><span class='ocrx_word' id='word_1_213' title='bbox 60 2377 257 2450; x_wconf 60' lang='lat' dir='ltr'><strong>benennam</strong></span> <span class='ocrx_word' id='word_1_214' title='bbox 269 2385 379 2443; x_wconf 88' lang='lat' dir='ltr'><strong>similes</strong></span> <span class='ocrx_word' id='word_1_215' title='bbox 401 2384 558 2453; x_wconf 80' lang='lat' dir='ltr'><strong>facultates,</strong></span> <span class='ocrx_word' id='word_1_216' title='bbox 574 2386 704 2459; x_wconf 83' lang='lat' dir='ltr'><strong>quamuis</strong></span> <span class='ocrx_word' id='word_1_217' title='bbox 729 2403 786 2443; x_wconf 89' lang='lat' dir='ltr'><strong>uon</strong></span> <span class='ocrx_word' id='word_1_218' title='bbox 800 2382 872 2442; x_wconf 86' lang='lat' dir='ltr'><strong>adeo</strong></span> <span class='ocrx_word' id='word_1_219' title='bbox 893 2382 1033 2460; x_wconf 76' lang='lat' dir='ltr'><strong>perfecte,</strong></span> <span class='ocrx_word' id='word_1_220' title='bbox 1048 2383 1079 2442; x_wconf 89' lang='lat' dir='ltr'><strong>in</strong></span> <span class='ocrx_word' id='word_1_221' title='bbox 1100 2382 1187 2441; x_wconf 87' lang='lat' dir='ltr'><strong>brutis</strong></span> <span class='ocrx_word' id='word_1_222' title='bbox 1209 2381 1268 2440; x_wconf 88' lang='lat' dir='ltr'><strong>aui·</strong></span> 
     </span>
     <span class='ocr_line' id='line_1_24' title="bbox 63 2478 420 2541; baseline 0.022 -8"><span class='ocrx_word' id='word_1_223' title='bbox 63 2478 211 2538; x_wconf 73' lang='lat' dir='ltr'><strong>mutibus</strong></span> <span class='ocrx_word' id='word_1_224' title='bbox 226 2481 420 2541; x_wconf 87' lang='lat' dir='ltr'><strong>inveniuntur.</strong></span> 
     </span>
     <span class='ocr_line' id='line_1_25' title="bbox 120 2575 1277 2656; baseline -0.002 -23"><span class='ocrx_word' id='word_1_225' title='bbox 120 2575 319 2635; x_wconf 82' lang='lat' dir='ltr'><strong>ld.·Fatemur</strong></span> <span class='ocrx_word' id='word_1_226' title='bbox 339 2578 415 2635; x_wconf 89' lang='lat' dir='ltr'><strong>vires</strong></span> <span class='ocrx_word' id='word_1_227' title='bbox 430 2578 617 2656; x_wconf 82' lang='lat' dir='ltr'><strong>intelligendi,</strong></span> <span class='ocrx_word' id='word_1_228' title='bbox 632 2589 805 2651; x_wconf 81' lang='lat' dir='ltr'><strong>caeterssqus</strong></span> <span class='ocrx_word' id='word_1_229' title='bbox 819 2597 883 2652; x_wconf 82' lang='lat' dir='ltr'><strong>quae</strong></span> <span class='ocrx_word' id='word_1_230' title='bbox 896 2576 999 2635; x_wconf 77' lang='lat' dir='ltr'><strong>animm</strong></span> <span class='ocrx_word' id='word_1_231' title='bbox 1013 2575 1106 2634; x_wconf 89' lang='lat' dir='ltr'><strong>solent</strong></span> <span class='ocrx_word' id='word_1_232' title='bbox 1118 2575 1214 2641; x_wconf 80' lang='lat' dir='ltr'><strong>trilnn,</strong></span> <span class='ocrx_word' id='word_1_233' title='bbox 1230 2591 1277 2631; x_wconf 82' lang='lat' dir='ltr'><strong>cx.</strong></span> 
     </span>
     <span class='ocr_line' id='line_1_26' title="bbox 59 2670 1270 2751; baseline 0.001 -26"><span class='ocrx_word' id='word_1_234' title='bbox 59 2670 376 2744; x_wconf 65' lang='lat' dir='ltr'><strong>eorporisconditions</strong></span> <span class='ocrx_word' id='word_1_235' title='bbox 391 2673 546 2748; x_wconf 89' lang='lat' dir='ltr'><strong>plurimum</strong></span> <span class='ocrx_word' id='word_1_236' title='bbox 560 2674 695 2751; x_wconf 84' lang='lat' dir='ltr'><strong>pendere,</strong></span> <span class='ocrx_word' id='word_1_237' title='bbox 711 2673 781 2731; x_wconf 87' lang='lat' dir='ltr'><strong>adeo</strong></span> <span class='ocrx_word' id='word_1_238' title='bbox 795 2673 897 2730; x_wconf 89' lang='lat' dir='ltr'><strong>intimo</strong></span> <span class='ocrx_word' id='word_1_239' title='bbox 908 2690 985 2729; x_wconf 86' lang='lat' dir='ltr'><strong>nexu</strong></span> <span class='ocrx_word' id='word_1_240' title='bbox 999 2687 1103 2746; x_wconf 82' lang='lat' dir='ltr'><strong>corpus</strong></span> <span class='ocrx_word' id='word_1_241' title='bbox 1116 2670 1270 2742; x_wconf 86' lang='lat' dir='ltr'><strong>animaque</strong></span> 
     </span>
     <span class='ocr_line' id='line_1_27' title="bbox 59 2744 1274 2844; baseline -0.002 -24"><span class='ocrx_word' id='word_1_242' title='bbox 59 2744 81 2804; x_wconf 64' lang='lat' dir='ltr'><strong>i</strong></span> <span class='ocrx_word' id='word_1_243' title='bbox 96 2772 148 2823; x_wconf 83' lang='lat' dir='ltr'><strong>nter</strong></span> <span class='ocrx_word' id='word_1_244' title='bbox 160 2784 192 2825; x_wconf 89' lang='lat' dir='ltr'><strong>se</strong></span> <span class='ocrx_word' id='word_1_245' title='bbox 205 2769 437 2844; x_wconf 81' lang='lat' dir='ltr'><strong>conjunguntur3</strong></span> <span class='ocrx_word' id='word_1_246' title='bbox 452 2770 503 2827; x_wconf 91' lang='lat' dir='ltr'><strong>sed</strong></span> <span class='ocrx_word' id='word_1_247' title='bbox 517 2773 562 2841; x_wconf 80' lang='lat' dir='ltr'><strong>sui</strong></span> <span class='ocrx_word' id='word_1_248' title='bbox 577 2782 676 2829; x_wconf 83' lang='lat' dir='ltr'><strong>natura</strong></span> <span class='ocrx_word' id='word_1_249' title='bbox 689 2769 823 2843; x_wconf 87' lang='lat' dir='ltr'><strong>cogitatio</strong></span> <span class='ocrx_word' id='word_1_250' title='bbox 837 2786 854 2824; x_wconf 92' lang='lat' dir='ltr'><strong>a</strong></span> <span class='ocrx_word' id='word_1_251' title='bbox 867 2767 985 2824; x_wconf 90' lang='lat' dir='ltr'><strong>materia</strong></span> <span class='ocrx_word' id='word_1_252' title='bbox 995 2763 1147 2838; x_wconf 85' lang='lat' dir='ltr'><strong>discrepat,</strong></span> <span class='ocrx_word' id='word_1_253' title='bbox 1161 2773 1192 2820; x_wconf 91' lang='lat' dir='ltr'><strong>et</strong></span> <span class='ocrx_word' id='word_1_254' title='bbox 1203 2763 1274 2818; x_wconf 52' lang='lat' dir='ltr'><strong>sub-1</strong></span> 
     </span>
    </p>
   </div>
   <div class='ocr_carea' id='block_1_3' title="bbox 56 2854 1271 3226">
    <p class='ocr_par' dir='ltr' id='par_1_3' title="bbox 56 2854 1271 3226">
     <span class='ocr_line' id='line_1_28' title="bbox 56 2854 1271 2943; baseline -0.005 -23"><span class='ocrx_word' id='word_1_255' title='bbox 56 2859 198 2921; x_wconf 55' lang='lat' dir='ltr'><strong>⁸tantiam</strong></span> <span class='ocrx_word' id='word_1_256' title='bbox 213 2863 331 2922; x_wconf 82' lang='lat' dir='ltr'><strong>denotat</strong></span> <span class='ocrx_word' id='word_1_257' title='bbox 344 2865 526 2943; x_wconf 86' lang='lat' dir='ltr'><strong>simplicem:</strong></span> <span class='ocrx_word' id='word_1_258' title='bbox 548 2885 614 2923; x_wconf 88' lang='lat' dir='ltr'><strong>nam</strong></span> <span class='ocrx_word' id='word_1_259' title='bbox 630 2854 659 2922; x_wconf 88' lang='lat' dir='ltr'><strong>in</strong></span> <span class='ocrx_word' id='word_1_260' title='bbox 679 2877 773 2939; x_wconf 85' lang='lat' dir='ltr'><strong>partes</strong></span> <span class='ocrx_word' id='word_1_261' title='bbox 788 2861 925 2936; x_wconf 86' lang='lat' dir='ltr'><strong>quasdam</strong></span> <span class='ocrx_word' id='word_1_262' title='bbox 947 2861 972 2917; x_wconf 88' lang='lat' dir='ltr'><strong>si</strong></span> <span class='ocrx_word' id='word_1_263' title='bbox 986 2857 1167 2924; x_wconf 84' lang='lat' dir='ltr'><strong>divideretur,</strong></span> <span class='ocrx_word' id='word_1_264' title='bbox 1181 2857 1271 2915; x_wconf 90' lang='lat' dir='ltr'><strong>homo</strong></span> 
     </span>
     <span class='ocr_line' id='line_1_29' title="bbox 65 2949 1269 3036; baseline -0.004 -22"><span class='ocrx_word' id='word_1_265' title='bbox 65 2949 161 3015; x_wconf 66' lang='lat' dir='ltr'><strong>totum</strong></span> <span class='ocrx_word' id='word_1_266' title='bbox 175 2957 283 3031; x_wconf 84' lang='lat' dir='ltr'><strong>aliquid</strong></span> <span class='ocrx_word' id='word_1_267' title='bbox 299 2978 479 3033; x_wconf 79' lang='lat' dir='ltr'><strong>nequaquam</strong></span> <span class='ocrx_word' id='word_1_268' title='bbox 493 2961 580 3019; x_wconf 91' lang='lat' dir='ltr'><strong>simul</strong></span> <span class='ocrx_word' id='word_1_269' title='bbox 599 2959 783 3036; x_wconf 80' lang='lat' dir='ltr'><strong>perciperet.³</strong></span> <span class='ocrx_word' id='word_1_270' title='bbox 822 2957 858 3014; x_wconf 89' lang='lat' dir='ltr'><strong>ln</strong></span> <span class='ocrx_word' id='word_1_271' title='bbox 877 2954 1067 3013; x_wconf 82' lang='lat' dir='ltr'><strong>animantibus</strong></span> <span class='ocrx_word' id='word_1_272' title='bbox 1080 2951 1269 3019; x_wconf 84' lang='lat' dir='ltr'><strong>sensationes,</strong></span> 
     </span>
     <span class='ocr_line' id='line_1_30' title="bbox 62 3048 1271 3132; baseline -0.002 -22"><span class='ocrx_word' id='word_1_273' title='bbox 62 3054 223 3128; x_wconf 57' lang='lat' dir='ltr'><strong>{notusque</strong></span> <span class='ocrx_word' id='word_1_274' title='bbox 236 3056 380 3132; x_wconf 90' lang='lat' dir='ltr'><strong>cupidinis</strong></span> <span class='ocrx_word' id='word_1_275' title='bbox 392 3057 488 3115; x_wconf 82' lang='lat' dir='ltr'><strong>videre</strong></span> <span class='ocrx_word' id='word_1_276' title='bbox 504 3067 558 3125; x_wconf 90' lang='lat' dir='ltr'><strong>est,</strong></span> <span class='ocrx_word' id='word_1_277' title='bbox 572 3076 635 3129; x_wconf 86' lang='lat' dir='ltr'><strong>quae</strong></span> <span class='ocrx_word' id='word_1_278' title='bbox 651 3068 745 3114; x_wconf 82' lang='lat' dir='ltr'><strong>tamen</strong></span> <span class='ocrx_word' id='word_1_279' title='bbox 759 3065 819 3112; x_wconf 86' lang='lat' dir='ltr'><strong>toto</strong></span> <span class='ocrx_word' id='word_1_280' title='bbox 828 3054 901 3112; x_wconf 82' lang='lat' dir='ltr'><strong>coelo</strong></span> <span class='ocrx_word' id='word_1_281' title='bbox 912 3052 1111 3110; x_wconf 89' lang='lat' dir='ltr'><strong>discernuntur</strong></span> <span class='ocrx_word' id='word_1_282' title='bbox 1124 3069 1150 3108; x_wconf 35' lang='lat' dir='ltr'><strong>a*</strong></span> <span class='ocrx_word' id='word_1_283' title='bbox 1160 3048 1271 3108; x_wconf 87' lang='lat' dir='ltr'><strong>ratioci-</strong></span> 
     </span>
     <span class='ocr_line' id='line_1_31' title="bbox 69 3146 1270 3226; baseline 0 -21"><span class='ocrx_word' id='word_1_284' title='bbox 69 3148 287 3220; x_wconf 73' lang='lat' dir='ltr'><strong>niisdumani&#39;e,</strong></span> <span class='ocrx_word' id='word_1_285' title='bbox 301 3163 330 3210; x_wconf 90' lang='lat' dir='ltr'><strong>et</strong></span> <span class='ocrx_word' id='word_1_286' title='bbox 343 3153 434 3211; x_wconf 90' lang='lat' dir='ltr'><strong>libero</strong></span> <span class='ocrx_word' id='word_1_287' title='bbox 448 3153 600 3212; x_wconf 79' lang='lat' dir='ltr'><strong>voluntatis</strong></span> <span class='ocrx_word' id='word_1_288' title='bbox 614 3154 739 3211; x_wconf 84' lang='lat' dir='ltr'><strong>arbitrio.</strong></span> <span class='ocrx_word' id='word_1_289' title='bbox 768 3149 915 3222; x_wconf 88' lang='lat' dir='ltr'><strong>Quidquid</strong></span> <span class='ocrx_word' id='word_1_290' title='bbox 930 3149 1015 3226; x_wconf 89' lang='lat' dir='ltr'><strong>igitur</strong></span> <span class='ocrx_word' id='word_1_291' title='bbox 1028 3148 1066 3205; x_wconf 92' lang='lat' dir='ltr'><strong>sit</strong></span> <span class='ocrx_word' id='word_1_292' title='bbox 1079 3146 1114 3206; x_wconf 89' lang='lat' dir='ltr'><strong>de</strong></span> <span class='ocrx_word' id='word_1_293' title='bbox 1128 3146 1270 3224; x_wconf 91' lang='lat' dir='ltr'><strong>principio</strong></span> 
     </span>
    </p>
   </div>
   <div class='ocr_carea' id='block_1_4' title="bbox 71 3243 1271 3900">
    <p class='ocr_par' dir='ltr' id='par_1_4' title="bbox 71 3243 1271 3900">
     <span class='ocr_line' id='line_1_32' title="bbox 71 3243 1269 3327; baseline -0.004 -22"><span class='ocrx_word' id='word_1_294' title='bbox 71 3263 128 3317; x_wconf 74' lang='lat' dir='ltr'><strong>quo</strong></span> <span class='ocrx_word' id='word_1_295' title='bbox 150 3261 274 3327; x_wconf 87' lang='lat' dir='ltr'><strong>aguntur</strong></span> <span class='ocrx_word' id='word_1_296' title='bbox 296 3249 377 3308; x_wconf 87' lang='lat' dir='ltr'><strong>bruta</strong></span> <span class='ocrx_word' id='word_1_297' title='bbox 401 3251 570 3316; x_wconf 74' lang='lat' dir='ltr'><strong>animantia„</strong></span> <span class='ocrx_word' id='word_1_298' title='bbox 582 3260 674 3308; x_wconf 89' lang='lat' dir='ltr'><strong>utrum</strong></span> <span class='ocrx_word' id='word_1_299' title='bbox 696 3250 808 3308; x_wconf 89' lang='lat' dir='ltr'><strong>scilicet</strong></span> <span class='ocrx_word' id='word_1_300' title='bbox 827 3247 953 3324; x_wconf 85' lang='lat' dir='ltr'><strong>spiritale</strong></span> <span class='ocrx_word' id='word_1_301' title='bbox 978 3246 1025 3313; x_wconf 87' lang='lat' dir='ltr'><strong>sit,</strong></span> <span class='ocrx_word' id='word_1_302' title='bbox 1048 3245 1091 3302; x_wconf 89' lang='lat' dir='ltr'><strong>vel</strong></span> <span class='ocrx_word' id='word_1_303' title='bbox 1115 3243 1269 3310; x_wconf 82' lang='lat' dir='ltr'><strong>materiale,</strong></span> 
     </span>
     <span class='ocr_line' id='line_1_33' title="bbox 71 3335 1269 3416; baseline -0.001 -21"><span class='ocrx_word' id='word_1_304' title='bbox 71 3335 161 3414; x_wconf 84' lang='lat' dir='ltr'><strong>liquet</strong></span> <span class='ocrx_word' id='word_1_305' title='bbox 176 3342 339 3402; x_wconf 88' lang='lat' dir='ltr'><strong>intellectus</strong></span> <span class='ocrx_word' id='word_1_306' title='bbox 354 3359 382 3402; x_wconf 90' lang='lat' dir='ltr'><strong>et</strong></span> <span class='ocrx_word' id='word_1_307' title='bbox 395 3345 554 3404; x_wconf 81' lang='lat' dir='ltr'><strong>voluntatis.</strong></span> <span class='ocrx_word' id='word_1_308' title='bbox 570 3345 703 3403; x_wconf 86' lang='lat' dir='ltr'><strong>humanae</strong></span> <span class='ocrx_word' id='word_1_309' title='bbox 717 3359 796 3402; x_wconf 85' lang='lat' dir='ltr'><strong>actus</strong></span> <span class='ocrx_word' id='word_1_310' title='bbox 810 3341 927 3400; x_wconf 86' lang='lat' dir='ltr'><strong>nonnisi</strong></span> <span class='ocrx_word' id='word_1_311' title='bbox 941 3340 1053 3416; x_wconf 88' lang='lat' dir='ltr'><strong>spiritui</strong></span> <span class='ocrx_word' id='word_1_312' title='bbox 1067 3339 1150 3396; x_wconf 89' lang='lat' dir='ltr'><strong>tribui</strong></span> <span class='ocrx_word' id='word_1_313' title='bbox 1172 3355 1269 3413; x_wconf 89' lang='lat' dir='ltr'><strong>posse.</strong></span> 
     </span>
     <span class='ocr_line' id='line_1_34' title="bbox 76 3435 1270 3518; baseline -0.004 -23"><span class='ocrx_word' id='word_1_314' title='bbox 76 3436 183 3497; x_wconf 83' lang='lat' dir='ltr'><strong>Mirum</strong></span> <span class='ocrx_word' id='word_1_315' title='bbox 196 3457 256 3498; x_wconf 87' lang='lat' dir='ltr'><strong>nou</strong></span> <span class='ocrx_word' id='word_1_316' title='bbox 270 3449 316 3498; x_wconf 85' lang='lat' dir='ltr'><strong>est</strong></span> <span class='ocrx_word' id='word_1_317' title='bbox 328 3441 460 3518; x_wconf 91' lang='lat' dir='ltr'><strong>spiritum</strong></span> <span class='ocrx_word' id='word_1_318' title='bbox 474 3442 653 3500; x_wconf 76' lang='lat' dir='ltr'><strong>Anatomicis</strong></span> <span class='ocrx_word' id='word_1_319' title='bbox 663 3460 696 3498; x_wconf 83' lang='lat' dir='ltr'><strong>se</strong></span> <span class='ocrx_word' id='word_1_320' title='bbox 711 3460 766 3498; x_wconf 91' lang='lat' dir='ltr'><strong>uon</strong></span> <span class='ocrx_word' id='word_1_321' title='bbox 783 3438 912 3516; x_wconf 85' lang='lat' dir='ltr'><strong>prodere,</strong></span> <span class='ocrx_word' id='word_1_322' title='bbox 924 3437 992 3494; x_wconf 91' lang='lat' dir='ltr'><strong>dum</strong></span> <span class='ocrx_word' id='word_1_323' title='bbox 1005 3435 1132 3512; x_wconf 84' lang='lat' dir='ltr'><strong>singulas</strong></span> <span class='ocrx_word' id='word_1_324' title='bbox 1144 3435 1270 3510; x_wconf 89' lang='lat' dir='ltr'><strong>corporis</strong></span> 
     </span>
     <span class='ocr_line' id='line_1_35' title="bbox 74 3529 1271 3613; baseline -0.008 -20"><span class='ocrx_word' id='word_1_325' title='bbox 74 3543 165 3608; x_wconf 73' lang='lat' dir='ltr'><strong>parma</strong></span> <span class='ocrx_word' id='word_1_326' title='bbox 179 3546 359 3604; x_wconf 78' lang='lat' dir='ltr'><strong>scrutentur3</strong></span> <span class='ocrx_word' id='word_1_327' title='bbox 370 3537 432 3613; x_wconf 88' lang='lat' dir='ltr'><strong>jam</strong></span> <span class='ocrx_word' id='word_1_328' title='bbox 446 3537 523 3595; x_wconf 90' lang='lat' dir='ltr'><strong>enim</strong></span> <span class='ocrx_word' id='word_1_329' title='bbox 538 3536 666 3604; x_wconf 87' lang='lat' dir='ltr'><strong>recessit,</strong></span> <span class='ocrx_word' id='word_1_330' title='bbox 678 3545 707 3593; x_wconf 92' lang='lat' dir='ltr'><strong>et</strong></span> <span class='ocrx_word' id='word_1_331' title='bbox 720 3554 757 3593; x_wconf 86' lang='lat' dir='ltr'><strong>ex</strong></span> <span class='ocrx_word' id='word_1_332' title='bbox 771 3535 836 3611; x_wconf 86' lang='lat' dir='ltr'><strong>ipsa</strong></span> <span class='ocrx_word' id='word_1_333' title='bbox 845 3534 890 3593; x_wconf 88' lang='lat' dir='ltr'><strong>sui</strong></span> <span class='ocrx_word' id='word_1_334' title='bbox 905 3541 1004 3589; x_wconf 84' lang='lat' dir='ltr'><strong>natura</strong></span> <span class='ocrx_word' id='word_1_335' title='bbox 1017 3529 1148 3587; x_wconf 90' lang='lat' dir='ltr'><strong>sensibus</strong></span> <span class='ocrx_word' id='word_1_336' title='bbox 1163 3546 1194 3586; x_wconf 89' lang='lat' dir='ltr'><strong>se</strong></span> <span class='ocrx_word' id='word_1_337' title='bbox 1206 3529 1271 3585; x_wconf 84' lang='lat' dir='ltr'><strong>snb·</strong></span> 
     </span>
     <span class='ocr_line' id='line_1_36' title="bbox 73 3622 1271 3698; baseline -0.005 -14"><span class='ocrx_word' id='word_1_338' title='bbox 73 3629 190 3688; x_wconf 82' lang='lat' dir='ltr'><strong>strabit:</strong></span> <span class='ocrx_word' id='word_1_339' title='bbox 213 3630 266 3689; x_wconf 84' lang='lat' dir='ltr'><strong>sed</strong></span> <span class='ocrx_word' id='word_1_340' title='bbox 279 3649 339 3688; x_wconf 90' lang='lat' dir='ltr'><strong>non</strong></span> <span class='ocrx_word' id='word_1_341' title='bbox 353 3631 417 3690; x_wconf 92' lang='lat' dir='ltr'><strong>ideo</strong></span> <span class='ocrx_word' id='word_1_342' title='bbox 431 3632 570 3690; x_wconf 87' lang='lat' dir='ltr'><strong>incertum</strong></span> <span class='ocrx_word' id='word_1_343' title='bbox 585 3641 630 3688; x_wconf 89' lang='lat' dir='ltr'><strong>est</strong></span> <span class='ocrx_word' id='word_1_344' title='bbox 644 3640 737 3688; x_wconf 89' lang='lat' dir='ltr'><strong>utrum</strong></span> <span class='ocrx_word' id='word_1_345' title='bbox 759 3629 872 3694; x_wconf 86' lang='lat' dir='ltr'><strong>existat,</strong></span> <span class='ocrx_word' id='word_1_346' title='bbox 888 3643 975 3698; x_wconf 89' lang='lat' dir='ltr'><strong>quum</strong></span> <span class='ocrx_word' id='word_1_347' title='bbox 990 3622 1112 3681; x_wconf 84' lang='lat' dir='ltr'><strong>effectus</strong></span> <span class='ocrx_word' id='word_1_348' title='bbox 1126 3622 1190 3697; x_wconf 82' lang='lat' dir='ltr'><strong>ejus</strong></span> <span class='ocrx_word' id='word_1_349' title='bbox 1211 3638 1271 3678; x_wconf 89' lang='lat' dir='ltr'><strong>non</strong></span> 
     </span>
     <span class='ocr_line' id='line_1_37' title="bbox 75 3715 1271 3802; baseline -0.008 -19"><span class='ocrx_word' id='word_1_350' title='bbox 75 3723 167 3785; x_wconf 84' lang='lat' dir='ltr'><strong>minus</strong></span> <span class='ocrx_word' id='word_1_351' title='bbox 182 3726 329 3795; x_wconf 86' lang='lat' dir='ltr'><strong>manifesti</strong></span> <span class='ocrx_word' id='word_1_352' title='bbox 350 3727 416 3795; x_wconf 83' lang='lat' dir='ltr'><strong>sint,</strong></span> <span class='ocrx_word' id='word_1_353' title='bbox 436 3745 522 3800; x_wconf 89' lang='lat' dir='ltr'><strong>quam</strong></span> <span class='ocrx_word' id='word_1_354' title='bbox 540 3727 669 3802; x_wconf 90' lang='lat' dir='ltr'><strong>corporis</strong></span> <span class='ocrx_word' id='word_1_355' title='bbox 690 3735 794 3783; x_wconf 87' lang='lat' dir='ltr'><strong>motus.</strong></span> <span class='ocrx_word' id='word_1_356' title='bbox 835 3722 955 3798; x_wconf 81' lang='lat' dir='ltr'><strong>Linguae</strong></span> <span class='ocrx_word' id='word_1_357' title='bbox 976 3726 1071 3776; x_wconf 90' lang='lat' dir='ltr'><strong>motus</strong></span> <span class='ocrx_word' id='word_1_358' title='bbox 1092 3715 1271 3776; x_wconf 79' lang='lat' dir='ltr'><strong>audientibus</strong></span> 
     </span>
     <span class='ocr_line' id='line_1_38' title="bbox 74 3815 1271 3900; baseline -0.008 -17"><span class='ocrx_word' id='word_1_359' title='bbox 74 3830 215 3883; x_wconf 71' lang='lat' dir='ltr'><strong>outonem</strong></span> <span class='ocrx_word' id='word_1_360' title='bbox 225 3823 349 3897; x_wconf 84' lang='lat' dir='ltr'><strong>aliquem</strong></span> <span class='ocrx_word' id='word_1_361' title='bbox 364 3833 450 3900; x_wconf 85' lang='lat' dir='ltr'><strong>patet,</strong></span> <span class='ocrx_word' id='word_1_362' title='bbox 465 3842 608 3883; x_wconf 85' lang='lat' dir='ltr'><strong>sensuum</strong></span> <span class='ocrx_word' id='word_1_363' title='bbox 625 3821 811 3880; x_wconf 72' lang='lat' dir='ltr'><strong>testimoniet</strong></span> <span class='ocrx_word' id='word_1_364' title='bbox 834 3819 939 3876; x_wconf 85' lang='lat' dir='ltr'><strong>mentis</strong></span> <span class='ocrx_word' id='word_1_365' title='bbox 955 3816 1029 3873; x_wconf 86' lang='lat' dir='ltr'><strong>vires</strong></span> <span class='ocrx_word' id='word_1_366' title='bbox 1044 3815 1131 3873; x_wconf 90' lang='lat' dir='ltr'><strong>simul</strong></span> <span class='ocrx_word' id='word_1_367' title='bbox 1153 3834 1185 3873; x_wconf 88' lang='lat' dir='ltr'><strong>se</strong></span> <span class='ocrx_word' id='word_1_368' title='bbox 1207 3833 1271 3890; x_wconf 91' lang='lat' dir='ltr'><strong>pro·</strong></span> 
     </span>
    </p>
   </div>
   <div class='ocr_carea' id='block_1_5' title="bbox 89 4065 1276 4529">
    <p class='ocr_par' dir='ltr' id='par_1_5' title="bbox 109 4065 331 4131">
     <span class='ocr_line' id='line_1_39' title="bbox 109 4065 331 4131; baseline 0.018 -20"><span class='ocrx_word' id='word_1_369' title='bbox 109 4065 148 4131; x_wconf 91' lang='lat' dir='ltr'><strong>(l)</strong></span> <span class='ocrx_word' id='word_1_370' title='bbox 166 4065 237 4115; x_wconf 76' lang='lat' dir='ltr'><strong>Eccl.</strong></span> <span class='ocrx_word' id='word_1_371' title='bbox 251 4066 293 4115; x_wconf 84' lang='lat' dir='ltr'><strong>xii.</strong></span> <span class='ocrx_word' id='word_1_372' title='bbox 306 4071 331 4116; x_wconf 85' lang='grc'><strong>7.</strong></span> 
     </span>
    </p>

    <p class='ocr_par' dir='ltr' id='par_1_6' title="bbox 110 4147 353 4212">
     <span class='ocr_line' id='line_1_40' title="bbox 110 4147 353 4212; baseline 0.012 -17"><span class='ocrx_word' id='word_1_373' title='bbox 110 4147 151 4212; x_wconf 73' lang='lat'><strong>(2)</strong></span> <span class='ocrx_word' id='word_1_374' title='bbox 171 4147 190 4196; x_wconf 90' lang='lat' dir='ltr'><strong>l.</strong></span> <span class='ocrx_word' id='word_1_375' title='bbox 203 4148 261 4198; x_wconf 77' lang='lat' dir='ltr'><strong>(lor.</strong></span> <span class='ocrx_word' id='word_1_376' title='bbox 273 4149 299 4198; x_wconf 91' lang='lat' dir='ltr'><strong>ii.</strong></span> <span class='ocrx_word' id='word_1_377' title='bbox 313 4151 353 4198; x_wconf 88' lang='lat'><strong>11.</strong></span> 
     </span>
    </p>

    <p class='ocr_par' dir='ltr' id='par_1_7' title="bbox 111 4230 335 4297">
     <span class='ocr_line' id='line_1_41' title="bbox 111 4230 335 4297; baseline 0.018 -19"><span class='ocrx_word' id='word_1_378' title='bbox 111 4230 150 4297; x_wconf 83' lang='grc'><strong>(3)</strong></span> <span class='ocrx_word' id='word_1_379' title='bbox 169 4233 227 4281; x_wconf 84' lang='lat' dir='ltr'><strong>Act.</strong></span> <span class='ocrx_word' id='word_1_380' title='bbox 240 4232 280 4281; x_wconf 81' lang='lat' dir='ltr'><strong>vii.</strong></span> <span class='ocrx_word' id='word_1_381' title='bbox 294 4235 335 4282; x_wconf 82' lang='lat'><strong>58.</strong></span> 
     </span>
    </p>

    <p class='ocr_par' dir='ltr' id='par_1_8' title="bbox 113 4315 314 4378">
     <span class='ocr_line' id='line_1_42' title="bbox 113 4315 314 4378; baseline 0.025 -17"><span class='ocrx_word' id='word_1_382' title='bbox 113 4315 152 4378; x_wconf 80' lang='lat' dir='ltr'><strong>(t)</strong></span> <span class='ocrx_word' id='word_1_383' title='bbox 170 4316 223 4366; x_wconf 86' lang='lat' dir='ltr'><strong>Jac.</strong></span> <span class='ocrx_word' id='word_1_384' title='bbox 234 4317 261 4366; x_wconf 82' lang='lat' dir='ltr'><strong>ii.</strong></span> <span class='ocrx_word' id='word_1_385' title='bbox 273 4319 314 4366; x_wconf 76' lang='lat'><strong>26.</strong></span> 
     </span>
    </p>

    <p class='ocr_par' dir='ltr' id='par_1_9' title="bbox 89 4390 1276 4529">
     <span class='ocr_line' id='line_1_43' title="bbox 113 4390 1276 4464; baseline -0.003 -16"><span class='ocrx_word' id='word_1_386' title='bbox 113 4397 152 4461; x_wconf 70' lang='grc' dir='ltr'><strong>(ὁ)</strong></span> <span class='ocrx_word' id='word_1_387' title='bbox 171 4399 291 4450; x_wconf 85' lang='lat' dir='ltr'><strong>Prmclars</strong></span> <span class='ocrx_word' id='word_1_388' title='bbox 311 4398 440 4464; x_wconf 86' lang='lat' dir='ltr'><strong>Jacquslot</strong></span> <span class='ocrx_word' id='word_1_389' title='bbox 458 4395 507 4445; x_wconf 88' lang='lat' dir='ltr'><strong>hoc</strong></span> <span class='ocrx_word' id='word_1_390' title='bbox 517 4400 603 4445; x_wconf 84' lang='lat' dir='ltr'><strong>tractat</strong></span> <span class='ocrx_word' id='word_1_391' title='bbox 622 4400 794 4456; x_wconf 83' lang='lat' dir='ltr'><strong>argumentum</strong></span> <span class='ocrx_word' id='word_1_392' title='bbox 812 4390 878 4442; x_wconf 79' lang='lat' dir='ltr'><strong>Diss-</strong></span> <span class='ocrx_word' id='word_1_393' title='bbox 898 4390 923 4440; x_wconf 88' lang='lat' dir='ltr'><strong>ii·</strong></span> <span class='ocrx_word' id='word_1_394' title='bbox 945 4408 988 4443; x_wconf 88' lang='lat' dir='ltr'><strong>sur</strong></span> <span class='ocrx_word' id='word_1_395' title='bbox 1005 4391 1147 4443; x_wconf 84' lang='lat' dir='ltr'><strong>l&#39;existenoe</strong></span> <span class='ocrx_word' id='word_1_396' title='bbox 1163 4391 1194 4444; x_wconf 87' lang='lat' dir='ltr'><strong>dc</strong></span> <span class='ocrx_word' id='word_1_397' title='bbox 1210 4392 1276 4445; x_wconf 86' lang='lat' dir='ltr'><strong>Disu</strong></span> 
     </span>
     <span class='ocr_line' id='line_1_44' title="bbox 89 4474 169 4529; baseline 0.025 -2"><span class='ocrx_word' id='word_1_398' title='bbox 89 4474 120 4527; x_wconf 79' lang='lat' dir='ltr'><strong>cit</strong></span> <span class='ocrx_word' id='word_1_399' title='bbox 130 4479 169 4529; x_wconf 72' lang='lat' dir='ltr'><strong>sit</strong></span> 
     </span>
    </p>
   </div>
   <div class='ocr_carea' id='block_1_6' title="bbox 661 4563 698 4618">
    <p class='ocr_par' dir='ltr' id='par_1_10' title="bbox 661 4563 698 4618">
     <span class='ocr_line' id='line_1_45' title="bbox 661 4563 698 4618; baseline 0 -20"><span class='ocrx_word' id='word_1_400' title='bbox 661 4563 698 4618; x_wconf 63' lang='lat'><strong>31}</strong></span> 
     </span>
    </p>
   </div>
   <div class='ocr_carea' id='block_1_7' title="bbox 0 0 1384 5024">
    <p class='ocr_par' dir='ltr' id='par_1_11' title="bbox 0 0 1384 5024">
     <span class='ocr_line' id='line_1_46' title="bbox 0 0 1384 5024; baseline 0 0"><span class='ocrx_word' id='word_1_401' title='bbox 0 0 1384 5024; x_wconf 95' lang='lat' dir='ltr'><strong> </strong></span> 
     </span>
    </p>
   </div>
  </div>
 </body>
</html>
