2730 5018
77 275 136 334 998
458 265 515 334 DE
536 261 902 334 PERSEVERAN'PIA.

77 439 98 468 ‘⁶
108 431 186 488 Inter
198 440 240 489 tot
252 450 285 489 ae
299 441 388 489 tantae
404 432 574 489 tentationes
588 431 750 490 infirmitate
772 449 824 488 sua
839 429 970 488 voluntas
991 427 1058 504 ipsa
1072 422 1272 491 succumberet,

76 534 107 582 et
120 525 185 584 ideo
205 546 385 603 perseverare
400 546 458 586 non
482 537 610 604 possent,
625 527 692 600 quia
713 526 879 585 deficientes
903 523 1068 582 infirmitate
1092 540 1153 580 non
1167 522 1273 588 vellent,

78 632 127 680 aut
139 642 196 681 nou
209 625 248 682 ita
262 624 375 692 vellent,
391 625 554 682 infirmitate
566 624 729 691 voluntatis,
743 632 777 680 ut
789 631 917 699 possem.
960 622 1143 678 Subventum
1158 629 1202 675 est
1215 637 1277 694 ergo

78 717 235 776 infirmitati
250 720 401 778 voluntatis
416 720 559 787 humane,
574 729 605 776 ut
619 718 715 776 divina
727 717 816 795 gratia
836 716 1073 775 indeclinabiliter
1088 725 1119 771 et
1141 715 1277 788 insepera-

79 814 173 872 biliter
185 827 324 892 ageretur,
339 826 368 873 et
383 815 448 874 ideo
460 815 590 889 quamvis
605 814 727 881 infirma,
738 830 797 871 non
812 822 906 871 tamen
917 812 1061 880 deficeret,
1074 829 1171 883 neque
1185 811 1276 868 adver·

79 911 161 968 sitate
184 912 279 985 aliqua
299 913 470 973 vinceretur.
512 911 556 969 Ita
573 911 678 969 factum
699 917 787 967 estut
805 909 935 967 voluntas
955 908 1083 966 hominis
1109 906 1235 964 invalida
1252 920 1276 966 et

80 1006 225 1064 imbecilla
237 1008 268 1065 in
282 1008 359 1065 bono
373 1007 467 1066 adbuc
481 1024 568 1083 pareo
583 1015 776 1083 perseveraret
789 1022 840 1081 per
853 1004 984 1061 virtutem
998 1001 1105 1061 Dei.'’²

119 1102 273 1161 Probatur
286 1102 347 1162 III.
372 1103 574 1162 Consiliorum
587 1102 775 1162 auctoritate.

123 1200 192 1257 397.
217 1197 382 1257 Concilium
396 1198 602 1256 arausicanum
616 1196 656 1255 ΙΙ.
671 1197 757 1255 dicit:
781 1205 801 1233 ‘⁶
811 1194 990 1272 adjutorium
1006 1194 1062 1252 Dei
1077 1195 1166 1252 etiam
1181 1192 1278 1252 renatis

81 1310 114 1348 sc
128 1292 233 1348 sanctis
247 1309 361 1368 semper
376 1303 420 1349 eet
440 1291 662 1368 implorandum,
676 1302 709 1349 nt
721 1291 758 1349 ad
772 1291 862 1348 finem
880 1290 987 1349 bonum
1009 1290 1173 1366 pervenire,
1192 1289 1238 1346 vel
1256 1289 1279 1348 in

79 1385 157 1445 bono
170 1388 283 1462 possint
296 1406 382 1462 opere
397 1386 596 1462 perdurare!u

120 1479 274 1540 Probatur
287 1479 343 1539 IV.
365 1480 529 1559 Pontisteia
545 1479 726 1560 defiuitione.

121 1579 191 1633 998.
214 1574 390 1633 Orelestinus
405 1575 441 1633 ad
456 1575 613 1635 Galliarum
634 1576 788 1652 episcopor
808 1575 962 1643 scribens,⁸
974 1571 1075 1632 definit
1096 1573 1280 1633 “Neminem

81 1671 167 1730 etiem
189 1671 367 1747 bsptismatis
391 1671 479 1746 gratia
498 1681 664 1729 renovatum
686 1669 820 1730 idoneum
836 1689 901 1729 esse
925 1670 960 1728 ad
980 1667 1159 1746 superandas
1182 1667 1280 1727 diaboli

82 1764 211 1834 insidias,
226 1766 302 1824 etad
316 1767 469 1825 vincendas
484 1769 576 1826 carnis
597 1767 854 1844 concupiscentiae,
870 1767 927 1826 nisi
946 1785 999 1843 per
1013 1765 1217 1840 quotidianum
1238 1765 1279 1823 ad·

78 1862 217 1939 jutorium
232 1861 288 1920 Dei
302 1863 541 1938 perseverantiam
555 1864 637 1921 bone
652 1864 876 1921 conversationis
891 1860 1085 1939 acceperit.'’⁴

124 1962 193 2017 399.
216 1958 307 2016 Fovet
317 1958 389 2016 ratio
403 1971 433 2017 et
446 1959 610 2033 quotidiana
623 1960 815 2037 experientia:
832 1979 919 2033 quum
934 1959 1011 2018 enirn
1025 1958 1134 2017 infirmi
1146 1958 1247 2026 simus,
1258 1970 1283 2016 et

82 2051 118 2110 ad
143 2052 320 2129 peccandum
342 2054 495 2130 proclives,
510 2055 667 2113 innumeris
692 2056 810 2114 obnoxii
831 2056 1044 2123 tentationibus,
1067 2073 1156 2113 nemo
1181 2053 1282 2130 poterit

83 2147 138 2205 sibi
154 2149 310 2216 victoriam,
325 2159 353 2206 et
366 2148 500 2208 adfinem
514 2168 606 2225 usque
620 2151 651 2210 in
666 2150 800 2210 virtutum
814 2151 950 2210 exercitio
964 2149 1210 2229 perseverantiam
1224 2148 1281 2231 pol-

82 2241 172 2311 liceri,
187 2243 243 2302 nisi
257 2243 375 2320 speciali
390 2243 446 2301 Dei
460 2244 568 2304 auxilio
578 2245 676 2304 nixus.

483 2433 681 2476 omuurcuse
701 2434 887 2478 omuuunun.

100 2571 193 2656 0400.
218 2567 286 2648 obj.
303 2575 330 2629 l.
352 2570 490 2647 Speeials
512 2569 569 2627 Dei
583 2572 723 2631 auxilium
743 2573 856 2648 penitus
878 2591 916 2630 ex
936 2573 999 2648 ejus
1019 2573 1146 2631 bonitate
1168 2570 1281 2648 pendet,

84 2663 261 2739 proindeque
286 2683 337 2740 pro
352 2665 440 2723 lubitu
454 2664 588 2741 denegari
609 2667 731 2740 poterit:
753 2665 818 2724 ideo
832 2667 984 2725 hominum
1000 2666 1078 2724 salus
1104 2676 1149 2724 est
1170 2667 1283 2743 penitus

84 2771 165 2815 extra
178 2778 277 2817 eorum
291 2770 471 2836 potestatem,
487 2761 512 2817 si
525 2778 560 2817 eo
575 2761 682 2818 auxilio
697 2779 770 2836 opus
782 2762 830 2818 sit.

124 2859 194 2912 401.
216 2854 305 2932 Resp.
328 2856 384 2913 Est
399 2855 514 2927 quidem
537 2856 661 2932 speciale
677 2866 705 2913 et
718 2875 853 2932 magnum
869 2856 925 2912 Dei
940 2855 1046 2915 donum
1061 2855 1283 2931 perseverantia,

84 2968 169 3022 quam
184 2969 270 3008 neruo
284 2952 339 3008 sibi
351 2953 506 3027 promereri
522 2953 634 3028 poterit,
646 2953 776 3025 quamvis
792 2953 922 3028 precibus
938 2972 1000 3010 eam
1016 2953 1108 3009 valeat
1119 2953 1284 3028 impetrare,

84 3044 203 3102 docente
218 3048 403 3122 Augustino.⁵
444 3048 552 3120 Utique
568 3048 707 3123 potuisset
721 3048 801 3104 Deus
816 3047 913 3105 omnia
926 3049 1022 3123 gratiae
1036 3048 1143 3106 auxilia
1154 3048 1279 3104 homini·

84 3141 136 3197 bus
151 3140 300 3216 denegare,
316 3152 343 3198 et
363 3162 397 3199 ea
417 3161 470 3199 nos
491 3142 651 3214 relinquere
672 3138 835 3199 conditione
859 3161 914 3215 qua
941 3143 1099 3217 primorum
1125 3141 1279 3218 parentum

84 3236 167 3310 culpa
188 3238 275 3310 positi
295 3256 415 3294 sumus:
441 3237 492 3293 sed
513 3239 620 3311 placuit
640 3238 846 3312 benignissimo
863 3239 939 3295 Patri
954 3239 1016 3313 ipsa
1031 3238 1099 3295 Filii
1120 3240 1167 3296 sui
1193 3250 1284 3296 morte

83 3331 167 3387 nobis
181 3330 332 3404 gratiarum
353 3330 460 3386 sontem
486 3330 572 3387 veluti
593 3332 712 3406 aperire,
728 3331 851 3404 ideoque
866 3343 885 3368 ‘⁶
899 3334 929 3389 in
951 3333 1006 3390 Dei
1029 3334 1136 3390 auxilio
1151 3334 1284 3391 firmissi-

83 3443 159 3482 mam
170 3442 252 3499 spem
266 3424 404 3482 collocare
419 3434 447 3481 et
458 3443 594 3500 reponere
606 3444 707 3484 omnes
718 3425 838 3483 debent:
861 3427 941 3483 Deus
956 3429 1044 3496 enim,
1060 3428 1117 3486 nisi
1131 3428 1188 3504 ipsi
1206 3428 1284 3485 illius

83 3522 179 3598 gratiae
201 3521 350 3589 defuerint,
366 3522 439 3579 sicut
453 3523 540 3598 coepit
560 3541 634 3598 opus
648 3523 767 3590 bonum,
783 3525 821 3579 ita
846 3525 985 3599 perficiet,
999 3542 1129 3602 operans
1156 3525 1231 3582 velle
1253 3533 1281 3581 et

83 3617 266 3694 perficere.”⁶
307 3618 350 3675 lta
364 3617 466 3675 docent
478 3617 639 3676 Tridentini
654 3620 763 3676 Patres.
1288 3678 1296 3695 „

123 3717 192 3768 402.
212 3711 278 3788 Obj.
291 3717 320 3769 2.
334 3712 465 3788 speciale
480 3713 629 3781 auxilium,
636 3714 716 3788 jueta
726 3714 921 3789 Augustinum
930 3714 999 3772 illud
1015 3726 1059 3772 est
1079 3732 1136 3786 quo
1151 3714 1284 3772 voluntas

84 3805 319 3864 indeclinabiliter
332 3816 360 3864 et
373 3806 612 3884 insuperabiliter
627 3811 727 3885 agitur.
770 3809 840 3867 Ideo
849 3810 884 3867 de
899 3810 1038 3886 adjutorio
1048 3809 1118 3867 Adae
1133 3808 1210 3876 dato,
1227 3827 1285 3881 quo

84 3901 225 3978 potuisset
249 3921 431 3980 perseverare
447 3923 535 3977 quum
556 3904 686 3973 dixisset,
709 3906 877 3982 subjunxit:
900 3907 1019 3965 “Nunc
1043 3925 1110 3965 vero
1131 3905 1240 3963 sanctis
1255 3905 1285 3965 in

448 4416 457 4473 )
475 4412 541 4474 Aug.
553 4413 569 4461 l.
580 4412 610 4460 de
621 4412 686 4462 douo
697 4428 791 4478 persev.
803 4429 824 4463 c.
835 4413 866 4462 vi
879 4429 906 4463 n.
919 4414 958 4462 1⁰.

449 4499 460 4564 )
481 4495 558 4548 (lonc.
570 4497 641 4547 Trid·
649 4499 714 4548 Sese.
725 4498 757 4548 vi.
768 4497 798 4550 dc
806 4497 883 4566 justif.
895 4513 917 4548 c.
928 4497 986 4551 xiii.
