2730 5018
214 248 436 309 nmmum
459 247 516 308 DE
538 247 723 307 CHRISTO
746 249 896 309 BREViS
917 251 1142 312 RECENSIO.
1242 259 1284 347 77

80 414 158 472 runtr
174 407 304 479 quamvis
317 416 348 463 et
360 406 418 482 ipsi
432 391 608 463 divinitatem
621 405 684 481 ejus
699 424 730 462 se
745 425 900 480 agnoscere
912 408 1065 480 aliquando
1088 410 1282 484 profiteantur,

81 519 118 561 eo
133 504 228 561 tamen
243 520 330 561 sensu
352 502 428 575 quod
445 501 580 560 divinitus
596 501 702 559 missus
723 503 771 569 sit,
785 503 881 560 divina
895 504 1017 576 quadarn
1030 505 1143 562 indutus
1160 507 1281 576 virtute3

84 617 183 658 merus
195 599 323 671 alioquin
338 598 438 667 homo,
453 610 603 671 antequam
618 617 655 655 ex
671 599 763 657 Maria
774 611 945 658 nasceretur
959 602 1117 659 nuliatenus
1132 604 1284 661 existens.¹

89 695 185 767 Aliqui
198 694 314 767 quidem
330 694 451 752 Christo
464 693 616 767 aliqualem
631 693 761 753 deserunt
776 697 904 764 cultum;
925 698 985 754 imo
1005 707 1072 755 sunt
1086 699 1135 770 qui
1149 698 1211 756 Arii
1225 698 1283 774 pla-

88 789 141 847 cita
153 787 187 846 de
202 788 279 845 verbi
295 788 543 866 pra-existentia,
557 798 588 847 et
606 789 770 873 prestantia
789 801 970 862 sequuntur.s
1012 791 1284 870 Hinc'distinguun·

90 894 132 943 tur
143 883 253 943 Ariani
265 895 295 943 et
308 884 532 945 Ηαωαπίίανίἰ.

125 986 155 1057 7.
175 981 343 1050 Barnesius,
358 981 646 1040 commentationibus
665 984 696 1040 in
716 982 799 1040 Pauli
814 982 849 1040 ad
871 983 1017 1041 Romanos
1038 985 1188 1061 epistotam
1203 985 1284 1063 plura

90 1078 123 1137 dc
133 1078 250 1137 Christo
264 1079 330 1138 Deo
342 1081 480 1148 inseruit;
496 1079 625 1157 adjunxit
640 1089 734 1138 tamen
748 1099 813 1138 euni
827 1082 933 1139 Filium
949 1081 1091 1158 designari
1106 1102 1142 1140 ex
1157 1091 1283 1159 tempure

39 1152 45 1257 i
88 1184 142 1245 quo
161 1171 287 1231 humana
309 1173 426 1233 indutus
441 1193 525 1232 carne
546 1175 686 1250 apparuit,
702 1185 730 1232 et
750 1175 903 1250 scripturas
926 1195 1042 1251 prorsus
1063 1176 1147 1234 silere
1169 1176 1205 1233 de
1226 1177 1284 1235 ulla

39 1262 42 1321 ῗ
85 1267 146 1341 ejus
160 1269 347 1343 processione
368 1277 519 1342 antequam
535 1268 727 1327 humefactus
748 1269 809 1326 sit.⁸
849 1270 956 1342 Liquet
973 1270 1027 1328 hac
1048 1272 1155 1329 ratioue
1170 1271 1285 1330 distinc-

83 1361 189 1420 tionem
216 1382 405 1439 personarum
428 1365 499 1432 tolli,
525 1375 554 1423 et
581 1375 703 1421 veterem
727 1365 860 1423 haeresim
885 1367 938 1423 sub
964 1366 1117 1423 involucris
1144 1369 1283 1426 renovari.

79 1456 227 1531 Equidem
242 1471 356 1519 constat
369 1462 491 1519 Arianos
505 1473 535 1519 et
556 1461 772 1520 Hunrauitarios
787 1463 817 1520 in
831 1463 1116 1540 Presbyterionorum
1132 1475 1160 1522 et
1173 1464 1285 1542 Baptis-

76 1562 172 1613 tarum
187 1557 276 1612 sectis
291 1552 432 1632 plurimos
446 1557 573 1632 reperiri.
1271 1570 1275 1577 ·

197 1850 339 1927 CAPUT
359 1868 384 1927 Ι.
425 1868 482 1927 DE
505 1867 694 1928 AETERNA
715 1868 842 1927 VERBI
865 1870 1185 1930 GENERA'I'IONE.

119 2023 151 2077 8.
176 2019 274 2086 Quum
291 2021 321 2079 S.
337 2019 464 2078 Juanues
486 2019 644 2094 presertim
659 2017 694 2075 de
716 2018 845 2085 Christo,
861 2029 1003 2092 tamquam
1017 2020 1052 2077 de
1068 2040 1162 2079 vanae
1176 2035 1199 2081 0
1210 2039 1287 2098 Λογος

74 2113 228 2187 loquatur,
244 2134 368 2188 eumque
384 2116 456 2173 sacri
470 2116 623 2190 scriptores
642 2115 750 2190 passim
765 2115 871 2172 Filium
889 2115 943 2173 Dei
958 2116 1118 2192 designent,
1133 2116 1167 2173 dc
1183 2129 1287 2174 aterna

76 2210 180 2287 ipsius
191 2212 375 2287 generatione
387 2210 528 2286 imprimis
540 2210 593 2267 erit
605 2209 758 2286 agendum,
769 2220 800 2267 ut
814 2229 998 2285 personarum
1011 2221 1120 2268 constet
1131 2212 1285 2278 distinctio,

79 2324 118 2365 eo
132 2326 151 2364 a
176 2307 260 2365 Patre
278 2324 394 2382 semper
414 2305 595 2382 procedente,
610 2315 639 2362 et
660 2304 766 2371 divina,
783 2325 868 2377 quarn
890 2307 919 2363 in
941 2325 975 2362 eo
998 2307 1127 2382 agnoscit
1141 2307 1284 2374 Ecclesia,

81 2411 185 2461 natura
198 2400 377 2459 vindicetur:
402 2400 485 2458 docet
505 2401 582 2458 enim
598 2418 663 2457 eum
679 2420 694 2457 a
710 2400 793 2457 Patre
814 2400 941 2476 genitum
964 2401 999 2457 ab
1020 2413 1134 2469 aeterno,
1149 2421 1207 2459 non
1221 2413 1285 2459 actu

85 2496 212 2570 quodam
234 2506 407 2564 transeunte,
422 2495 473 2553 scd
488 2497 550 2572 ipsa
563 2494 668 2553 divinae
689 2508 795 2553 nature
819 2497 998 2562 necessitate,
1015 2495 1137 2568 ideoque
1153 2515 1216 2554 esse
1238 2515 1286 2554 ve·

86 2611 151 2652 rum
163 2593 270 2661 Deum,
285 2594 382 2670 ipsum
403 2592 509 2660 Deum,
525 2592 574 2664 qui
588 2601 617 2650 et
630 2593 716 2652 Pater
736 2601 788 2660 est,
805 2592 855 2649 sed
877 2611 1059 2669 personante
1073 2593 1156 2651 Patre
1170 2593 1287 2653 distinc-

88 2702 157 2759 tam,
171 2690 201 2748 in
216 2700 321 2747 naturae
337 2688 431 2748 tamen
446 2689 561 2747 unitate.

582 2921 585 2927 Ι
595 2864 779 2928 Puerosrrro.

135 2998 261 3057 Verbum
272 2996 410 3055 diuinam
423 3005 436 3056 ὁ
447 3013 516 3070 mus
528 2997 611 3074 apud
621 2996 718 3054 Deam
734 2994 928 3075 semperfuit,
940 3002 1037 3072 estque
1048 2995 1147 3054 itlius
1162 3015 1180 3054 α
1194 2995 1289 3056 Patre

93 3094 209 3173 genitae
220 3091 368 3170 ineffabili
379 3091 503 3161 ratione,
516 3110 552 3151 ea
563 3091 673 3151 diuina
683 3100 797 3150 naturae
806 3092 976 3151 necessitate
991 3099 1017 3149 ot
1032 3092 1169 3160 orrentia,
1182 3099 1209 3149 et
1217 3110 1286 3170 pro-

86 3188 258 3247 ·indeoeras
272 3188 366 3245 Deae.
469 3199 471 3203 ’
1064 3245 1067 3252 ,

130 3288 158 3343 9.
178 3283 333 3341 Probatur
347 3282 373 3342 I.
395 3281 449 3341 Ec
464 3281 647 3360 ,Serpituric
700 3285 811 3341 Psaltes
837 3283 944 3340 Filium
966 3283 1075 3341 inducit
1099 3284 1285 3356 loquentem:

96 3388 113 3415 ‘¹
123 3378 266 3437 Dominus
286 3378 358 3435 dixit
373 3377 407 3435 ad
423 3395 489 3435 me:
512 3378 605 3435 Filius
627 3397 708 3436 meus
729 3397 759 3435 es
775 3390 814 3445 tu,
830 3396 883 3452 ego
898 3377 983 3436 hodie
1004 3379 1090 3456 genui
1105 3380 1180 3436 te.”⁴
1219 3381 1286 3456 Ipse

94 3473 201 3533 Psaltes
211 3474 312 3532 refert:
322 3472 406 3531 Dixit
414 3471 557 3530 Dominus
568 3473 695 3531 Domino
705 3490 769 3529 meo
784 3475 800 3508 *
822 3474 838 3507 *
860 3475 875 3507 *
897 3474 913 3508 ³*
928 3483 1053 3530 exutero
1063 3484 1125 3531 ante
1137 3474 1286 3532 luciterum

92 3571 175 3647 genui
189 3573 242 3628 te.³
283 3570 416 3688 ww
436 3570 492 3661 ’,ᾗ
514 3569 568 3679 ’,ἡ
589 3579 711 3676 mppr)
732 3578 864 3674 01:170
883 3586 918 3626 ea
938 3575 1020 3625 atero
1041 3575 1109 3625 ante
1128 3567 1287 3646 luciferam

124 3799 168 3864 (1)
187 3798 319 3848 Unitarian
331 3798 484 3860 Miscellany,
495 3798 541 3848 vol.
555 3797 576 3847 1.
588 3814 611 3862 p.
623 3801 682 3847 202.

121 3887 161 3946 (2)
178 3883 279 3943 ibidem,
290 3885 338 3933 roi.
353 3883 385 3932 vi.
394 3900 418 3947 p.
431 3887 503 3932 27⁷..
523 3883 656 3932 Arioniam
667 3881 722 3932 aad
731 3880 993 3932 Humaniturianism.
1089 3888 1092 3893 ’

103 3968 202 4037 ’,(3717
212 3968 234 4019 is
244 3976 289 4019 not
300 3969 407 4019 affirmed
419 3968 472 4018 that
483 3967 536 4025 ,this
547 3968 599 4017 title
611 3983 662 4016 was
673 3968 750 4029 given¹
758 3975 783 4015 to
800 3967 840 4016 the
852 3966 941 4015 second
953 3981 1040 4028 person
1052 3964 1081 4013 os
1088 3963 1129 4012 the
1139 3964 1238 4031 Trinity
1250 3967 1289 4019 dc·

83 4053 140 4127 sors
151 4054 184 4104 hs
195 4057 294 4104 meana
305 4055 454 4112 incarnata,·
468 4070 495 4103 or
506 4062 530 4104 to
540 4060 640 4115 suggest
651 4053 692 4103 the
704 4053 758 4101 idea
770 4053 798 4100 of
811 4069 859 4116 any
872 4051 1009 4101 derivatico
1021 4067 1048 4099 or
1059 4049 1196 4101 extraction
1207 4052 1288 4103 before

88 4140 119 4191 he
130 4157 183 4189 was
195 4141 265 4189 made
276 4139 345 4190 flesh.
379 4140 460 4189 'l'here
471 4140 492 4188 is
503 4156 537 4190 no
548 4140 658 4189 instance
678 4138 704 4187 in
716 4138 797 4187 which
810 4138 850 4186 the
868 4136 1014 4200 appeliation
1025 4137 1046 4186 is
1065 4143 1109 4186 not
1128 4137 1251 4186 confsrrsd
1262 4146 1289 4187 to

88 4240 188 4288 express
207 4224 246 4273 hia
262 4212 364 4273 relation
382 4224 442 4274 aiter
458 4225 490 4274 he
507 4224 619 4274 assumed
637 4223 731 4272 human
747 4220 816 4271 flcsh.
838 4222 888 4281 ·Os
901 4238 949 4285 any
961 4221 1095 4270 derivation
1113 4221 1174 4269 from
1187 4220 1249 4281 God,
1261 4238 1290 4270 or

87 4308 228 4358 emanation
246 4309 308 4357 from
320 4308 372 4357 him
383 4309 409 4358 in
421 4309 531 4373 eternity‚
543 4309 584 4359 tho
596 4308 733 4372 Scripturas
745 4325 784 4358 are
796 4308 874 4356 silent.
909 4305 1010 4355 Barncs'
1023 4305 1049 4354 N
1051 4314 1101 4354 otes
1112 4305 1251 4370 onEpistle
1263 4315 1289 4355 to

87 4392 131 4442 the
141 4392 258 4451 Romans,
270 4410 291 4441 c.
304 4394 326 4442 Ι.
337 4409 360 4442 a.
372 4394 397 4442 4.

125 4480 168 4545 (t)
189 4479 273 4527 Pali.
286 4480 310 4527 7.

123 4567 162 4629 (5)
182 4563 223 4613 Ρι.
235 4564 282 4615 cix.
317 4563 381 4614 Heb,
393 4579 432 4612 cx.
