2730 5018
264 98 325 209 ¹³,ss
349 104 522 169 Naruut
542 106 849 171 REDEMPTORIS
871 111 1062 172 HUMANA.
1201 114 1262 171 ult

10 264 34 351 ,⁵
73 271 155 319 trum
170 264 298 343 humana
309 264 423 322 Christi
445 265 574 322 rohrntas
595 277 657 323 crat
677 267 780 325 divine
800 270 921 327 omnino
944 264 1111 338 conlormis,
1133 271 1262 341 quamvis

10 354 15 363 ’
74 362 142 421 euim
158 360 294 418 voluisset
312 361 375 436 ipsc
389 361 528 417 cruciatus
543 371 571 416 et
585 375 704 419 mortem
720 362 872 431 declinare,
887 365 912 420 si
927 364 1012 421 Pater
1023 382 1080 421 non
1091 360 1264 421 decrevisset

76 476 131 516 eum
144 457 213 531 pati,
229 457 320 514 voluit
332 475 433 531 reapse
447 457 475 513 id
490 458 654 533 contingere
669 459 747 531 quod
766 468 870 517 eterno
885 460 999 518 decreto
1019 452 1261 518 evenire'debutt.

77 552 186 611 Luctum
201 552 290 609 veluti
304 552 333 609 in
344 571 380 608 se
394 553 544 616 iudicabat,
566 571 623 609 non
639 573 732 628 pravae
748 555 897 612 voluntatis
913 568 1009 613 contra
1023 555 1079 612 Dei
1093 557 1196 631 legem,
1212 556 1264 613 sed

10 690 12 695 .
76 646 199 705 naturalia
211 646 363 705 voluntatis
373 644 650 704 adversusdivinum
661 648 816 716 decremm,
830 649 905 721 quod
916 660 1010 707 tamen
1022 650 1112 706 libera
1120 649 1263 706 voluntate

10 786 12 793 .
77 739 288 815 amplexuram

108 841 154 895 37.
176 834 366 913 operationes
379 830 512 908 quaelibet
523 847 623 895 natura
632 856 698 903 suas
710 838 813 897 habet:
831 848 850 876 ‘⁸
861 834 930 896 duas
941 836 1081 898 naturales
1094 839 1261 909 voluntates,

76 932 177 1007 etduaa
187 934 333 991 naturales
347 933 526 1009 operationes
542 924 673 1000 indIvise,
697 935 957 1003 inconvertibiliter,
982 936 1141 1004 inconfuse,
1163 956 1263 994 secun·

76 1028 132 1086 dum
147 1038 309 1085 sanewrum
331 1038 442 1103 potrum
456 1026 613 1085 doctrinam
629 1027 745 1101 adaeque
759 1029 967 1105 predicamus:
989 1041 1018 1087 ct
1030 1032 1100 1088 duas
1123 1033 1263 1088 naturales

77 1123 223 1180 voluntates
232 1141 290 1180 uon
297 1124 465 1189 contrarias,
468 1124 554 1198 juxta
564 1123 641 1195 quod
653 1125 733 1199 impii
744 1134 925 1181 asseruerunt
936 1125 1071 1192 haeretici,
1083 1125 1265 1197 sedsequeu·

39 1240 58 1293 Ι·
78 1230 122 1277 tem
135 1218 198 1293 ejus
211 1216 366 1275 humanam
382 1217 567 1284 voluntatem,
589 1227 617 1273 et
646 1237 704 1275 non
724 1219 905 1277 resistentem
920 1219 964 1277 vel
985 1220 1190 1286 reluctantem
1212 1214 1265 1276 sed

78 1314 158 1391 potius
171 1324 202 1370 et
221 1313 377 1397 subjectam
399 1312 503 1371 divine
523 1314 586 1387 ejus
601 1324 685 1385 atque
705 1315 893 1389 omnipotenti
909 1314 1089 1373 voluntati.”¹
1130 1315 1173 1372 lta
1195 1315 1264 1373 defi·
1343 1375 1345 1378 Α

77 1412 175 1469 aierunt
189 1408 232 1466 Vl
247 1411 360 1467 concilii
376 1409 486 1467 Patres.
528 1410 664 1467 Actiones
685 1408 794 1467 Christi
818 1412 846 1468 in
869 1420 926 1468 tres
948 1412 1055 1468 classes
1071 1412 1261 1488 aTheologis

11 1532 14 1539 ·
78 1506 278 1572 distribuuntur,
303 1504 434 1570 divinos,
459 1516 487 1562 et
506 1504 666 1571 humanus,
691 1515 720 1561 et
739 1504 861 1562 mixtus.
906 1506 1020 1563 Creatio
1034 1518 1062 1563 et
1083 1509 1261 1565 conservatio

78 1600 281 1661 nundiChristi
293 1600 347 1657 Dei
363 1611 429 1656 sunt
441 1601 578 1662 actiones,
595 1600 698 1657 nullam
714 1599 851 1656 habentes
863 1600 896 1657 ad
910 1601 1062 1658 humanam
1077 1600 1168 1677 ipsius
1183 1612 1262 1657 uatu-

79 1716 124 1757 run
137 1696 312 1755 relationem.
354 1695 449 1755 Edere
463 1696 599 1753 etbibere
615 1697 745 1752 humanae
766 1696 829 1771 ejus
852 1697 978 1752 actiones
1000 1704 1097 1779 create,
1118 1714 1260 1755 caecorum

10 1794 14 1815 ¹
79 1792 242 1869 illuminatio,
258 1801 331 1849 tacto
345 1791 439 1859 oculo,
454 1803 514 1847 erat
527 1792 600 1848 actio
614 1791 712 1858 mixta,
727 1789 824 1847 divina
837 1790 946 1846 scilicet
957 1789 1046 1846 virtus
1057 1792 1184 1866 corporis
1196 1809 1264 1867 ope·

79 1890 245 1949 nitebatur.
879 1871 888 1893 ⁵

109 1992 152 2045 38,
174 1985 317 2043 Abhorret
329 2005 345 2041 a
359 1984 463 2061 pietate
478 1994 508 2042 ut
532 1981 680 2041 Christum
695 1982 821 2041 libidinis
838 1980 1053 2050 titillationibus,
1076 1978 1122 2040 vel
1142 1980 1262 2043 minima

79 2091 203 2157 exparte,
217 2080 374 2137 obnoxium
392 2080 556 2143 habeamus,
576 2087 620 2134 est
634 2078 709 2133 enim
726 2076 826 2132 vitium
841 2084 957 2142 naturae,
973 2077 1008 2133 ab
1027 2078 1185 2152 integritate
1200 2080 1263 2155 ejus

79 2173 287 2251 etperiectione,
303 2192 365 2245 quae
381 2175 410 2230 in
425 2173 489 2247 ipso
503 2181 571 2234 erat,
597 2170 714 2227 omnino
729 2169 873 2225 alienum:
897 2184 1069 2246 quapropter
1088 2171 1190 2229 merito
1206 2172 1272 2229 dic·-

24 2260 28 2271 ¹
82 2284 127 2327 tum
139 2279 182 2325 est
195 2267 346 2325 anathema
360 2266 508 2323 Theodori
520 2262 718 2339 Mopsuesteni
732 2263 849 2318 asseclis
865 2262 893 2319 id
905 2262 1136 2322 affirmantibue¹
1176 2265 1262 2331 Quod

10 2342 20 2372 Γ
82 2378 158 2423 autern
171 2363 330 2438 Apostolus
342 2362 420 2419 dicat
432 2381 498 2419 eum
520 2371 539 2397 ‘⁶
550 2367 685 2415 tentatum
711 2375 762 2432 per
776 2357 873 2413 omnia
886 2375 938 2433 pro
952 2358 1139 2416 similitudine
1152 2360 1261 2432 absque

82 2458 211 2537 ροοειίο,ῃ
234 2459 449 2537 intelligendum
476 2456 558 2532 plane
570 2466 616 2511 eat
627 2450 663 2509 de
676 2453 810 2509 erumnis
826 2452 928 2524 quibus
949 2453 1047 2510 hostes
1062 2453 1126 2528 ejus
1139 2471 1205 2512 eum
1220 2456 1259 2513 af·

81 2549 211 2615 dixerunt:
233 2560 435 2631 χωρὶςάμαρτως
454 2570 507 2609 nec
521 2549 598 2606 enim
619 2546 654 2607 ad
676 2559 823 2622 peccatum
839 2557 956 2614 tantum,
982 2548 1033 2605 sed
1046 2548 1082 2605 ad
1097 2548 1159 2624 ejus
1174 2550 1259 2607 fomi-

25 2628 35 2643 ,
72 2666 128 2728 =teu,
142 2653 192 2725 qui
206 2651 359 2723 aliquando
368 2653 401 2704 ab
412 2644 550 2722 Apostolo
564 2656 711 2719 peccatum
726 2644 838 2710 dicitur,
855 2662 939 2701 voces
951 2643 995 2700 hae
1007 2643 1160 2702 referende
1173 2657 1255 2703 sunt:

78 2750 151 2807 “talis
164 2750 244 2805 euim
255 2736 380 2812 decebat,
394 2754 425 2799 ut
433 2742 515 2798 uobis
527 2753 603 2797 esset
618 2738 761 2805 Pontifex,
774 2749 899 2805 sanetus,
915 2740 1065 2806 innocens,
1079 2739 1259 2817 impollutus,

76 2854 224 2923 segregatus
238 2864 255 2900 n
269 2836 511 2918 peccatoribus.”⁸
552 2834 644 2912 impie
660 2854 775 2912 prorsus
791 2835 947 2892 Furnesius
963 2835 1085 2892 affirmat
1099 2838 1264 2895 tentationi·

76 2945 114 3001 bus
126 2962 193 3001 eum
208 2942 297 2999 instar
310 2935 398 2993 nostri
412 2934 565 3010 pulsatum,
581 2932 804 3005 necquidquam
819 2933 957 2989 interesse
972 2932 1173 2990 discriminis.⁴
1193 2935 1260 2992 Dae·

11 3090 18 3109 ,
72 3041 154 3098 nonis
176 3046 272 3095 autem
287 3031 469 3089 tentationem
484 3050 500 3087 a
514 3030 602 3086 sacris
618 3029 804 3105 scriptoribus
830 3028 902 3086 adeo
927 3028 1073 3086 enucleate
1094 3030 1210 3088 relatam
1225 3030 1260 3088 ad

71 3135 136 3193 solas
151 3131 255 3191 mentis
276 3128 348 3184 Jesu
362 3126 548 3202 cogitationes
568 3125 662 3192 refert,
689 3124 775 3182 veluti
798 3124 977 3207 orientalium
993 3142 1073 3182 more
1087 3124 1259 3203 descriptam

67 3230 176 3305 poetico
189 3221 314 3296 quodam
329 3223 448 3279 amatu!
966 3222 969 3227 ’

10 3434 12 3451 ¹
89 3420 134 3483 (Ι)
154 3415 220 3465 Vide
231 3413 373 3465 Liberatum
384 3416 411 3464 in
422 3413 556 3472 Breviorio,
566 3428 589 3462 e.
600 3426 643 3464 xx.

10 3506 12 3555 ξ
91 3503 137 3566 (2)
157 3500 190 3549 V.
202 3498 282 3549 Cone.
293 3500 347 3549 coll
358 3499 408 3548 viii.
419 3515 466 3548 esu
476 3497 520 3546 xii.

88 3588 136 3734 ((43))
146 3584 227 3717 “sshe
233 3585 390 3731 deridesne
400 3664 453 3713 that
462 3660 564 3712 mailcd
574 3660 627 3710 him
639 3675 702 3710 were
712 3658 805 3710 nowisc
816 3655 928 3708 different
938 3658 1000 3707 from
1011 3656 1081 3707 thoos
1092 3659 1175 3709 which
1186 3662 1260 3733 amir

54 3754 88 3805 dt
97 3753 170 3803 other
177 3767 243 3802 meu.
277 3750 319 3799 ta·
330 3738 381 3797 was
388 3746 495 3812 tempted
504 3762 533 3796 as
543 3761 581 3794 we
590 3760 638 3793 ure.
672 3744 724 3793 But
735 3743 776 3793 the
787 3743 834 3792 sril
846 3740 964 3804 thoughts
976 3742 1028 3791 that
1037 3756 1092 3793 mse
1101 3743 1129 3791 in
1139 3740 1179 3791 his
1189 3744 1260 3795 niind

54 3854 96 3888 ere
104 3836 260 3901 mprcseuted
273 3852 300 3884 as
310 3834 352 3884 tho
363 3831 512 3897 proposition
523 3828 552 3878 of
564 3846 596 3879 an
607 3828 656 3881 evil
666 3828 747 3889 being.
766 3827 830 3876 This
841 3826 1029 3891 representation
1040 3825 1062 3875 ia
1072 3824 1100 3875 ln
1111 3818 1259 3877 accdrdrnce

56 3921 170 3971 withthe
181 3921 303 3970 universal
323 3917 396 3968 belief
408 3917 436 3966 of
448 3916 489 3965 the
507 3914 575 3979 place
591 3914 639 3964 ond
657 3913 699 3963 tha
716 3928 768 3974 ege.
803 3911 882 3960 Morel
898 3911 945 3960 evil
956 3926 1007 3960 was
1026 3908 1157 3961 attributed
1172 3917 1198 3960 to
1217 3911 1260 3963 tha

55 4020 151 4069 suency
162 4004 193 4054 ot
205 4021 220 4054 s
230 4004 367 4066 malignam
376 3999 576 4067 spirim-Jecur
586 3997 641 4050 ond
649 3996 690 4049 liis
701 3994 878 4063 Biogroplccra,
888 4008 912 4061 p.
923 3994 950 4045 ii.
958 3994 997 4044 ch.
1008 3994 1040 4044 iv.
1051 3993 1145 4061 para

178 4224 256 4299 Vqr..
270 4222 390 4285 tu-ra
