2744 5024
82 293 139 353 m
418 286 476 349 DE
495 287 596 349 rma:
616 286 946 351 mum-memus„

81 449 169 509 virus.
209 446 256 507 ab
278 446 360 508 initio
383 446 544 525 presbyteri
568 463 631 515 sex,
654 445 773 506 totidem
795 446 919 518 diaconi,
933 456 963 507 et
983 447 1117 527 episcopi
1135 447 1190 509 duo
1205 448 1254 510 lrio

81 543 237 602 adhaesisse
250 553 417 613 noscuntur,
430 560 504 617 quos
518 542 645 601 hominis
658 541 764 611 studio,
777 552 807 601 et
818 544 967 604 anteatire
981 546 1165 623 ambiguitate
1178 544 1255 623 decep·

81 651 126 699 tos
141 658 207 699 cese
220 658 279 701 non
292 650 337 700 est
351 659 402 701 cur
414 641 561 700 miremur.
602 638 637 698 In
650 640 774 700 concilio
794 650 900 710 tamen,
922 651 1039 703 centum
1059 643 1119 700 lere
1133 642 1270 718 episcopis,

80 748 239 808 constante,
253 736 332 813 quod
345 736 525 797 Alexandriae
538 735 668 795 habitum
676 747 741 805 est,
756 754 832 797 anno
852 742 922 808 uel,
936 737 1072 798 damnata
1085 749 1130 797 est
1141 739 1200 797 Arii
1209 724 1277 797 nus

80 833 179 901 tentia,
202 834 323 911 ipseque
346 832 549 893 communione
572 831 684 909 pulsus.
725 831 761 891 ln
785 832 908 893 concilio
933 834 1057 894 Nieeuo
1080 832 1279 911 pleriqueqri¹

80 929 341 1009 aderantepireepi
360 919 476 989 nmmo
495 928 682 988 consensuiu
703 927 999 1005 ejusdamnsticnem
1023 932 1146 999 iverunt,
1166 930 1256 989 nomis'
1276 918 1279 927 '

81 1026 288 1105 septemdecim
313 1027 524 1094 reluctantibus,
540 1025 589 1099 qui
611 1034 706 1083 tamen
727 1042 840 1095 omnes,
855 1036 904 1084 aut
924 1025 984 1085 iere
1005 1044 1108 1086 omnes
1128 1042 1257 1085 acanus

81 1123 195 1183 tandem
218 1124 408 1201 prebuerunt.
449 1122 606 1181 Decretum
627 1120 684 1180 hoc
697 1121 832 1181 uniuerso
845 1123 909 1182 orbi
920 1122 1078 1182 christiano
1099 1123 1258 1201 placuitne

81 1220 139 1278 nisi
154 1219 324 1278 Constantio
338 1218 452 1296 imperii
465 1217 591 1277 habenas
605 1226 719 1275 tenente
732 1218 820 1277 turbe
840 1218 944 1278 iterum
963 1220 1095 1279 excitate
1108 1228 1183 1277 sunt.
1215 1216 1258 1277 le

80 1312 162 1372 cibus
185 1330 238 1389 pro
261 1330 342 1371 more
364 1312 494 1371 luserunt
517 1311 617 1370 Ariani
638 1311 765 1389 plurimi,
783 1330 815 1371 se
830 1313 941 1382 deusde
957 1314 1078 1391 rejicere
1097 1312 1255 1379 affirmantes,
1273 1312 1278 1339 ²

80 1408 152 1482 quin
175 1407 293 1468 Christo
314 1408 379 1468 Deo
393 1409 499 1468 vellent
517 1407 665 1467 detrahere
688 1408 839 1476 honorem,
854 1409 962 1488 quippe
982 1428 1070 1485 quern
1095 1409 1258 1488 agnoscebant

79 1503 158 1563 Patri
178 1504 303 1564 similem
320 1507 455 1574 ὄμαεσωνε
473 1505 537 1564 aliis
551 1514 647 1564 tamen
670 1522 736 1564 enm
751 1504 923 1563 dissimilem
939 1500 1161 1584 bopew'aperte
1180 1502 1256 1583 predi·

79 1601 219 1660 cantibus.
261 1601 502 1663 concertationes*
519 1603 573 1661 hac
585 1603 695 1661 ratione
716 1611 878 1680 propagatas
899 1611 976 1670 sunt,
991 1621 1128 1676 errorque
1148 1602 1254 1668 diffusus,

80 1695 259 1774 imperatorie
276 1686 405 1776 potentia
417 1697 544 1757 adhibito
556 1706 588 1757 nt
608 1697 813 1757 catholicorum
835 1688 992 1755 antistitum
1005 1697 1091 1756 sedes
1112 1707 1256 1776 occuparent

78 1792 214 1851 nubleste
228 1791 295 1852 fidei
304 1793 454 1853 hominm
472 1793 587 1852 Mansit
599 1802 704 1862 nmen,
716 1801 745 1851 et
759 1792 935 1870 triumphum
944 1791 1007 1870 egit
1014 1781 1055 1850 'de
1066 1810 1163 1875 errore
1173 1792 1255 1869 dogna

81 1907 98 1947 a
123 1890 253 1949 Nicaenis
279 1891 406 1968 putribus
426 1889 586 1962 delinitum,
608 1890 686 1964 quod
706 1890 834 1968 insignes
855 1889 1007 1958 antistites,
1021 1908 1089 1949 cnm
1113 1890 1188 1948 Petri
1204 1880 1253 1946 sede

79 1985 248 2055 concordes,
259 1987 366 2062 ubique
376 1996 637 2065 propugnavernnt,
647 1986 754 2064 populo
765 1985 906 2064 tideliper
919 1972 1018 2048 orbem
1032 1995 1184 2046 execrante
1193 1985 1255 2045 here

79 2083 136 2142 sim
150 2081 313 2142 nefandam.
354 2081 500 2156 Equidem
515 2083 543 2140 si
554 2080 592 2140 de
604 2100 720 2168 summa
732 2080 800 2141 tidei
816 2080 897 2140 hand
919 2066 1059 2159 ageretur,
1072 2081 1205 2159 explicari
1214 2095 1254 2138 neu

79 2178 185 2255 poterit
198 2176 344 2252 quemodo
367 2178 518 2255 contigerit
536 2186 578 2237 tot
598 2176 752 2256 episcopos
772 2175 952 2237 Alexandriae
973 2187 1161 2256 congregatos
1179 2176 1254 2250 Arium

79 2274 208 2351 privasse
222 2274 425 2334 communione
436 2273 596 2343 ,Ecclesia
611 2273 690 2332 nulla
712 2283 787 2332 certe
808 2273 988 2350 imperatorie
1009 2274 1101 2350 gratis
1119 2276 1255 2333 motomt

78 2379 221 2428 tercentos
232 2378 262 2428 et
275 2367 446 2438 octodecim,
458 2369 508 2442 qui
520 2368 651 2427 Nicaeam
666 2377 686 2406 ⁴⁶
697 2386 734 2427 ex
746 2369 880 2428 omnibus
889 2367 1031 2438 ecclesiis,
1046 2386 1110 2441 que
1122 2369 1254 2427 unicornu
1276 2442 1282 2451 Ι
1295 2438 1297 2445 Ι

78 2467 239 2545 Europam,
250 2464 486 2540 utrimnque
495 2465 602 2524 *Asiam
615 2465 1009 2543 impleverant’'eonrencre,
1023 2464 1172 2525 Christum
1181 2463 1270 2551 Deum!
1286 2458 1297 2515 ὲ

79 2562 115 2621 de
130 2562 206 2631 Deo,
221 2563 299 2622 Patri
313 2561 584 2622 consubstantialem
597 2562 765 2640 agnovisse
859 2541 874 2560 ’
901 2571 904 2575 ’

78 2767 155 2816 certa
168 2757 334 2816 delinitione
348 2758 479 2822 innotuit,
492 2756 528 2816 de
543 2774 599 2829 qua
613 2756 732 2833 proinde
746 2755 867 2814 liberum
882 2765 941 2814 erat
954 2757 1060 2814 sentire
1074 2744 1158 2835 preu't
1169 2747 1254 2814 unicui·

79 2873 135 2927 que
150 2855 249 2913 uisum¹
259 2853 352 2922 luerit,
365 2852 589 2947 alasquesplutis
603 2852 765 2930 dispendio.

119 2956 186 3011 187.
198 2950 288 3026 Rccp.
304 2951 428 3009 Minime
439 2950 521 3007 licuit
531 2949 566 3007 ab
577 2950 650 3026 ipsis
663 2951 704 3007 rei
717 2949 883 3008 christianae
891 2948 1017 3008 exordiis
1029 2949 1100 3008 alias
1112 2949 1147 3009 de
1158 2946 1254 3008 Ghrielt

77 3047 193 3113 sentire,
209 3063 293 3117 quam
309 3061 374 3102 eum
398 3062 463 3102 esse
485 3044 590 3102 Filium
606 3042 673 3113 Dei,
690 3045 817 3104 Verbum
838 3044 913 3122 apud
935 3047 1061 3115 Patrem,
1076 3047 1137 3104 imo
1149 3043 1257 3103 uerbum

76 3143 184 3210 Deum,
207 3140 337 3199 omniurn
364 3158 458 3199 rerum
481 3140 627 3216 opificem.
669 3141 754 3200 Nihil
778 3142 1045 3201 novi-credendum
1069 3138 1261 3221 proposueramt
1295 3176 1297 3187 ·

77 3248 171 3315 patres
187 3236 312 3304 Nicaeni,
326 3235 379 3294 sed
394 3235 463 3295 fidei
478 3235 605 3312 pristine
620 3235 947 3318 adhaerentespnovitium
958 3239 1129 3298 damnarunt
1141 3244 1262 3298 errorem·

76 3333 204 3392 Innotuit
217 3331 424 3391 anteaChristi
438 3332 581 3402 diuinitas,
596 3352 634 3392 ex
648 3336 763 3413 publica
785 3336 1170 3415 praedicatione-symbolis,
1183 3331 1266 3394 autu,

77 3429 197 3503 aliisque
220 3429 351 3506 plurimis
370 3430 549 3490 rationibus:
572 3449 625 3490 nec
647 3433 739 3509 potuit
752 3434 1003 3507 quisquesbsque·
1011 3433 1112 3491 salutis
1127 3420 1269 3511 dispendio

77 3524 172 3586 Deum
187 3545 220 3585 ac
247 3525 406 3589 Dominum
420 3547 505 3588 suum
519 3527 668 3606 denegare.
711 3529 790 3587 Hinc
804 3529 957 3598 Ebionitae,
969 3528 1152 3597 Theodotus,
1166 3523 1272 3588 rantur

76 3623 290 3691 Samosatenus,
300 3634 327 3682 et
339 3635 478 3700 quotquot
489 3625 606 3685 Christo
618 3625 681 3684 Deo
691 3624 884 3695 detrahebant,
892 3626 1121 3685 acummuniene
1134 3617 1272 3687 Ecclesia

76 3719 161 3776 alieni
176 3719 263 3778 habiti
285 3731 360 3778 suut.
