2744 5024
322 127 335 143 ι
417 113 473 173 un
494 112 692 175 sansoni
712 113 896 174 cunrsrr.
1198 117 1258 173 ιιι
1294 100 1300 111 ’

540 320 751 361 omucnonns.

115 458 241 537 rtOtj.
260 463 286 515 1.
310 457 444 515 Christus
459 467 479 494 ‘⁸
489 456 525 514 de
539 458 646 533 templo
661 477 788 534 corporis
800 461 854 517 sur
859 460 999 519 locutus
1009 465 1076 519 est⁹
1115 461 1193 538 Ergo
1207 461 1258 518 hu

78 567 150 614 mana
162 568 257 614 natura
271 565 331 612 erat
344 573 371 611 er
363 554 506 630 templi
499 564 596 623 instar,
612 565 709 612 nam‘
712 556 759 612 ‘in
775 557 839 632 ipso
853 557 991 615 inhabitat
1003 559 1097 619 omnis
1111 557 1258 635 plenitudo

76 649 218 711 divinitatis
233 651 427 727 corporaliter
429 650 460 684 ”⁸

109 752 153 806 ts.
172 746 262 823 Resp.
286 746 397 802 Christi
420 763 524 821 corpus
538 745 626 803 instar
640 747 739 822 templi
761 746 858 804 haberi
880 758 999 823 poterat,
1019 750 1149 822 quamvis
1163 748 1260 809 diviua

72 859 183 917 persona
199 841 332 898 humanae
347 853 452 898 nature
467 841 565 897 intime
574 841 804 917 conjungeretur,
816 861 881 899 uam
895 859 925 900 et
934 862 1039 919 corpus
1050 845 1260 903 tabernaculum

73 935 176 1004 dicitur,
191 937 237 993 cui
251 936 349 992 auimo
362 946 459 993 nostra
471 935 625 1010 conjuncta
638 944 691 1002 est,
706 955 764 993 non
778 937 878 993 morali
895 946 1001 994 tantum
1013 937 1120 994 unione
1134 948 1162 994 et
1175 937 1260 995 affec·

70 1043 107 1098 tn,
120 1031 169 1090 sed
182 1050 299 1089 revera:
324 1041 346 1067 ‘⁴
356 1033 406 1104 qui
421 1031 565 1088 sumusin
578 1031 633 1089 hoc
648 1032 876 1091 tabernaculo.”⁴
915 1033 949 1091 Ιιι
962 1033 1079 1091 Christo
1089 1033 1158 1090 dicit
1168 1035 1261 1110 Apes

68 1128 138 1185 tolus
153 1138 239 1186 totam
253 1127 461 1204 plenitudinem
472 1126 639 1194 divinitatis,
653 1137 780 1187 naturam
795 1129 920 1186 divinam
935 1131 1084 1205 integram,
1105 1129 1261 1206 corporali·

65 1231 119 1289 ter,
132 1221 360 1290 substantialiter,
375 1234 404 1281 et
417 1241 483 1280 rere
497 1223 624 1280 habitare
648 1233 677 1281 et
698 1223 804 1290 inesse,
827 1244 885 1282 non
907 1225 1046 1283 Numinis
1059 1226 1261 1299 qualicumque
1281 1230 1284 1237 '

66 1322 225 1396 presentia,
251 1320 302 1376 sed
318 1320 417 1376 intima
440 1320 544 1376 divine
564 1339 629 1376 curn
654 1320 779 1377 humana
799 1330 904 1378 naturae
922 1323 1137 1398 conjunctione:
1158 1323 1261 1390 ἐνᾶοτῷ

63 1417 175 1468 mcxii
186 1414 235 1469 πᾶν
247 1419 277 1468 rb
288 1411 406 1483 πλήρωμα
417 1413 461 1483 riis
471 1414 589 1483 ἓεόιηιὸς
600 1419 751 1480 σωματικῶς.

109 1503 153 1557 79.
178 1498 244 1576 Obj.
259 1505 289 1557 2.
314 1500 412 1556 Patres
427 1499 535 1573 passim
551 1511 653 1555 vocant
674 1499 878 1556 humanitatem
894 1500 1004 1558 Christi
1028 1503 1262 1560 instrumentum

63 1576 174 1652 divinit
162 1594 253 1663 tatis,·
276 1595 324 1650 alii
340 1593 489 1651 Christum
504 1593 652 1651 hominem
667 1592 834 1671 Deiferum,
859 1602 886 1652 et
900 1595 1082 1673 Delficatum
1096 1597 1203 1663 dicunt,
1219 1614 1262 1652 as·

64 1699 219 1761 serumque
234 1689 357 1746 sVerbo
371 1688 520 1746 borrirrrm
535 1687 624 1744 fuisse
640 1700 828 1764 assumptum.

115 1786 155 1840 80.
176 1783 265 1860 Resp.
281 1784 378 1840 Voces
392 1783 459 1849 rllae
475 1793 504 1840 et
514 1801 597 1838 varrae
608 1781 777 1856 hujusmodi
793 1783 911 1856 phrases
926 1783 1037 1840 facilem
1054 1784 1201 1859 excipiunt
1214 1802 1263 1841 ex

60 1875 247 1950 plicationem
259 1898 296 1935 ex
307 1879 378 1966 ipsis
391 1879 508 1936 Patrum
520 1878 633 1952 scriptis
645 1876 810 1934 derivatam.
827 1878 897 1934 Erat
907 1880 1004 1950 utique
1014 1881 1141 1937 humana
1154 1879 1263 1936 Christi

64 1982 166 2031 natura
188 1962 342 2032 divinitatis
358 1975 587 2039 instrumentum,
602 1992 691 2046 quum
706 1974 783 2030 enim
804 1975 865 2032 haec
880 1975 951 2032 nihil
972 1977 1030 2052 pati
1044 1977 1145 2052 possit,
1160 1976 1210 2035 ills
1222 1977 1264 2034 in·

64 2068 184 2126 servivit
197 2070 329 2126 humanae
344 2069 446 2125 saluti:
469 2064 576 2125 Divina
589 2068 697 2143 quippe
722 2067 811 2125 Verbi
832 2088 953 2145 persona
966 2089 1001 2128 ea
1015 2089 1067 2129 usa
1080 2080 1133 2140 est,
1155 2080 1187 2128 ut
1199 2089 1263 2138 nos,

65 2163 213 2232 patiendo,
228 2164 390 2221 redimeret.

115 2261 158 2316 db
181 2259 249 2337 Obj.
267 2263 295 2316 3.
318 2260 351 2315 Si
366 2256 500 2315 Christus
526 2257 606 2315 Deus
620 2258 658 2314 ιιι
671 2267 700 2315 et
721 2259 820 2327 homo,
843 2259 951 2319 duom
965 2281 1000 2319 eo
1015 2261 1187 2321 admittenda
1200 2272 1267 2320 suut

67 2355 155 2423 enta,
170 2357 243 2415 inter
257 2374 289 2413 se
303 2354 456 2420 distincta;
479 2372 544 2425 quae
558 2352 589 2410 in
603 2372 688 2412 unam
703 2373 855 2430 personam
866 2358 1002 2433 conjungi
1016 2376 1097 2430 aeque
1111 2357 1265 2466 absurdum

70 2455 118 2502 etl
129 2472 161 2511 ac
175 2451 246 2509 duas
261 2460 373 2509 mentes
387 2469 473 2508 unam
488 2469 563 2507 esse
566 2454 578 2484 ⁵

110 2548 158 2607 82.
180 2548 271 2626 Resp.
313 2548 387 2607 Duae
401 2558 507 2604 naturae
522 2547 640 2603 interae
654 2544 794 2601 distinctae
809 2545 969 2603 necessario
984 2547 1013 2604 in
1027 2545 1267 2629 Chris-to'udmit·

62 2636 160 2700 t‹tnd'ae
176 2653 252 2712 sunt,
272 2661 342 2715 quas
357 2642 386 2699 in
401 2660 458 2698 una
471 2642 626 2697 subsistere
641 2657 764 2714 persona
777 2639 931 2699 absurdum
945 2658 1004 2697 ιιοιι
1017 2650 1071 2699 cst.
1111 2641 1267 2709 (ἶιιοιιιοιιο

62 2723 168 2797 drvina
183 2757 305 2814 persona
318 2738 472 2794 humanam
486 2746 565 2812 regat
580 2745 708 2790 naturam
721 2734 776 2790 sibi
791 2735 982 2810 conjunctam,
997 2753 1055 2792 non
1069 2735 1140 2793 adeo
1149 2735 1267 2793 difficile
1341 2780 1345 2787 .

59 2830 112 2885 'est
129 2844 289 2907 conceptu3
313 2833 442 2906 quamvis
458 2850 516 2889 ιιοιι
529 2841 606 2888 esset
619 2829 649 2886 in
664 2820 850 2901 questionem
863 2828 1069 2898 vocandum,
1047 2850 1072 2888 ιι
1083 2839 1211 2901 nostrum
1223 2850 1270 2889 co
1337 2846 1340 2851 ·

61 2917 191 2988 gitamm
207 2946 323 3004 prorsus
337 2925 498 2985 excederet.
1337 2932 1341 2939 ·

107 3027 162 3082 83.
189 3022 258 3101 Obj.
273 3027 302 3080 4.
324 3021 410 3088 Quod
424 3020 550 3078 humana
573 3028 672 3094 natura
684 3019 875 3077 subsistentia
895 3019 1019 3078 humana
1042 3022 1158 3097 spoliari
1181 3021 1272 3098 possit
1308 3040 1316 3057 ¹

60 3118 227 3177 manifesto
241 3129 397 3194 repugnat:
420 3134 489 3192 ergo
502 3114 628 3175 humana
642 3134 766 3191 persona
779 3135 843 3175 curn
858 3130 957 3175 natura
971 3118 1149 3195 agnoscenda
1163 3128 1216 3175 est.

111 3218 164 3272 84.
185 3213 275 3290 Resp.
297 3213 364 3288 Ipsa
379 3214 511 3271 humanae
530 3220 637 3268 naturae
662 3212 820 3286 assumptio
834 3232 851 3268 a
865 3212 961 3270 Verbo
982 3214 1051 3271 eam
1069 3215 1271 3272 subsistentem

58 3311 233 3378 tonsutuu,
247 3311 355 3386 regitur
375 3309 452 3366 enim
467 3327 484 3364 a
498 3307 595 3364 diuina
608 3324 741 3382 persona.
781 3306 877 3371 Quum
892 3309 1075 3365 subsistentia
1088 3310 1126 3365 sit
1146 3327 1180 3364 ea
1194 3318 1272 3365 natu-

57 3405 115 3455 m
133 3404 254 3462 conditio
270 3423 326 3477 qua
340 3405 482 3461 actionum
498 3419 612 3466 suarum
626 3406 671 3456 cst
684 3399 868 3474 principium,
883 3413 979 3455 natura
993 3417 1181 3470 quaecumque
1195 3400 1273 3456 inde·

54 3497 206 3556 pendens
230 3498 422 3566 constituitur,
447 3496 592 3573 propriam
614 3492 699 3551 habet
722 3492 954 3550 subsistantiam.
980 3493 1005 3549 si
1029 3492 1111 3581 alteri
1132 3493 1293 3595 superioris

52 3591 264 3670 eonjungatur
277 3613 294 3650 a
308 3611 364 3664 qua
377 3591 492 3668 pendet,
508 3609 567 3646 una
580 3588 692 3658 utrique
707 3587 760 3644 erit
774 3586 965 3643 subsistentia.

124 3689 169 3744 85.
192 3687 259 3766 otj.
283 3692 311 3745 5.
326 3688 487 3763 Repugnat
500 3693 532 3742 ut
545 3684 625 3741 Deus
646 3681 737 3748 nasci,
759 3682 829 3755 pati,
851 3683 923 3737 mori
946 3680 1071 3738 dicatur.
1095 3699 1157 3755 quc
1179 3658 1308 3751 tainen

54 3763 200 3840 dicenda
209 3791 302 3850 erunt,
316 3782 413 3840 divina
427 3798 550 3857 persona
564 3778 717 3834 humanam
731 3785 847 3852 regente
861 3785 999 3833 naturam.
1303 3780 1316 3799 ·’·
1328 3786 1349 3799 ··

413 4013 452 4078 (l)
471 4010 602 4060 anchus.
613 4011 699 4062 xxxvi.

416 4102 455 4159 (2)
470 4097 542 4146 loun.
553 4096 580 4144 ii.
594 4098 633 4146 19.

413 4183 450 4242 (3)
470 4178 599 4228 ΟοΙοιι.ἰί.
610 4181 635 4227 9.
695 4183 701 4229 i

379 4326 381 4330 ι
416 4264 458 4328 (4)
471 4264 503 4311 ΙΙ.
516 4261 573 4311 Cor.
585 4276 610 4311 r.
620 4263 646 4311 4.

415 4349 457 4414 (5)
471 4347 601 4398 Unitsriun
610 4345 764 4411 Miscellany,
773 4346 821 4397 rol.
829 4345 855 4396 ii.
865 4360 889 4410 p.
903 4346 942 4396 14.
