2744 5024
315 354 319 358 ,
366 281 425 345 nn
445 277 652 345 susurris.
674 267 987 345 ΡΕιιιιιοΤιοΝιι.
1154 212 1175 365 ⁴⁰
1220 280 1277 336 aur

73 433 132 516 lun
146 459 207 500 non
221 459 277 520 ego
290 461 395 520 operor
409 441 490 510 illud,
505 442 556 500 sed
571 440 600 500 id
611 441 688 515 quod
703 442 732 500 iu
746 459 793 500 nre
807 441 915 499 habitat
927 436 1098 517 peccatum)
1120 437 1185 495 Jam
1200 434 1278 492 enim

73 549 170 596 motus
185 537 394 597 desideriorum
408 537 550 598 malorum
562 556 621 595 non
632 538 695 614 ipse
707 537 886 613 operabatur,
898 537 1002 610 quibus
1015 553 1072 593 uon
1086 530 1280 592 consentiebat

67 633 109 691 ud
134 634 327 712 perpetrando
350 636 480 712 peoo'm.
520 636 635 693 Pcccsti
650 645 746 692 sutem
773 634 890 692 nomine
910 632 987 706 quod
1000 635 1031 691 in
1054 632 1103 690 illo
1128 628 1278 694 habitabat,

62 728 168 806 ipsam
183 731 368 808 nuncupabat
381 732 664 808 concupiscentiamr
678 731 744 803 quis
753 741 870 805 peccato
879 729 1012 796 sactaest,
1021 738 1051 786 et
1061 718 1281 787 sl'bonsentien·

61 834 128 884 tem
140 828 260 886 traxerit
271 837 355 900 etque
366 828 501 894 illexerit,
511 829 647 904 concipit,
660 827 789 903 paritque
801 836 961 902 peccatum.
983 825 1023 883 Et
1032 836 1134 883 caeters
1142 841 1233 896 usqne
1245 820 1280 880 ad

61 940 138 980 eum
165 922 274 990 locum,
297 924 411 991 ubisit,
435 923 525 999 igitur
546 941 601 999 ego
616 923 679 998 ipss
694 933 788 979 rnente
803 922 897 980 servio
918 921 976 998 legi
998 920 1065 988 Dei,
1080 938 1164 977 corne
1185 929 1280 976 autem

61 1018 128 1096 legi
143 1021 265 1097 peccati,
281 1021 367 1078 verba
381 1032 448 1078 sunt
463 1021 525 1096 jam
541 1021 594 1077 sub
608 1019 697 1096 grstia
717 1019 873 1086 constituti,
888 1017 939 1076 sed
954 1017 1048 1076 adhuc
1063 1027 1161 1075 contra
1175 1034 1280 1073 concu-

61 1115 248 1190 piscentiam
262 1134 343 1174 suam
358 1107 530 1182 dimicantis,
546 1133 600 1172 nec
614 1116 641 1172 ci
655 1114 860 1189 consentientis
872 1125 904 1171 ut
916 1122 1025 1190 peccet,
1041 1111 1093 1170 sed
1108 1121 1202 1170 tamen
1217 1110 1278 1183 qui·

61 1209 128 1268 bus
143 1211 286 1279 renititur,
302 1200 568 1288 peccati'desideria
579 1209 760 1286 patientis.‘'¹

111 1311 183 1366 ³62.
208 1305 267 1386 obj
280 1311 308 1365 ³.
331 1302 431 1366 Patres
446 1306 564 1365 Petrum
578 1307 681 1365 docent
692 1316 715 1344 “
727 1326 785 1366 ιιοιι
800 1307 927 1384 potuisse
942 1307 1029 1365 nitere
1045 1303 1190 1383 culpam.”
1232 1304 1276 1361 Ita

66 1398 233 1461 Hilarius.¹
273 1412 294 1439 “
305 1401 429 1480 Negatio
443 1401 553 1487 Petri,'’
568 1402 662 1475 inquit
676 1403 916 1480 chrysostomus,
933 1411 952 1439 ‘⁴
962 1421 1020 1461 non
1035 1414 1095 1460 tam
1110 1411 1169 1459 erat
1183 1420 1280 1460 socor-

61 1496 127 1556 ‹tiae
141 1508 171 1557 et
184 1497 377 1576 negligentiae,
392 1516 479 1570 quarn
491 1516 528 1555 ex
544 1497 671 1570 eoquod
686 1498 766 1555 Deus
780 1516 846 1556 curn
861 1496 1070 1554 deseruerat.”⁸
1101 1497 1278 1572 Augustinus

68 1593 145 1654 dicit
157 1612 224 1654 eum
239 1613 298 1654 non
313 1595 442 1671 potuisse
458 1603 477 1630 ‘⁴
488 1612 587 1652 rerum
604 1595 800 1653 testimonium
815 1594 966 1670 perhibere
981 1592 1149 1652 Christo.‘’⁴

111 1695 185 1750 363.
201 1688 296 1768 Hesp.
318 1689 489 1762 Loquuntnr
503 1689 603 1747 Patres
619 1691 747 1766 plerique
761 1689 796 1747 dc
810 1689 980 1766 impotentia
993 1709 1057 1762 quae
1072 1689 1208 1747 exanimi
1223 1687 1280 1746 ela·

79 1786 291 1845 tioneetuimis
299 1786 344 1844 sni
353 1784 458 1843 fiducia
466 1795 564 1843 secuta
572 1783 625 1842 est'.
648 1784 777 1842 Hilarius
787 1784 904 1859 quidem
916 1785 994 1842 Petri
1003 1784 1115 1860 culpern
1126 1795 1279 1840 extenuare

78 1880 176 1949 voluit,
191 1899 256 1938 eum
269 1879 449 1956 trepidationi
463 1892 491 1937 et
501 1876 658 1938 infirmitati
672 1880 819 1946 tribuens;
841 1897 965 1952 eumque
987 1877 1056 1935 dicit
1070 1896 1128 1935 non
1144 1877 1275 1953 potuisse

76 1977 160 2036 vitare
180 1976 305 2054 culpam,
320 1977 387 2035 licet
398 1966 523 2035 monitus
538 1977 648 2044 luisset,
663 1976 842 2053 fragilitatem
857 1977 952 2053 potius
974 1993 1060 2049 qinom
1074 1960 1275 2051 impotentiam

80 2073 132 2132 hac
146 2073 256 2132 ratione
270 2072 406 2146 loquendi
421 2073 592 2149 designans:
617 2082 636 2109 ¹¹
648 2073 716 2146 quia
729 2091 766 2130 ex
787 2072 949 2130 infirmitate
963 2072 1055 2130 carnis
1069 2071 1115 2128 vel
1129 2069 1279 2146 ambiguus

74 2170 230 2237 extitisset,
245 2170 422 2252 amarissime
434 2157 523 2236 flevit,
535 2169 665 2228 recolens
680 2167 876 2244 trepidationis
890 2169 973 2227 istius
988 2167 1102 2244 culpam
1116 2185 1148 2224 se
1162 2185 1216 2224 nec
1230 2165 1278 2222 ad·

65 2264 216 2336 ,monitum
241 2262 369 2339 potuisse
395 2263 515 2321 vitare.”
559 2263 788 2340 chrysostomus
810 2263 868 2322 Dei
888 2262 1077 2323 desertionem
1103 2263 1140 2321 ob
1170 2261 1276 2320 elatum

75 2359 152 2417 Petri
187 2359 314 2417 animum
349 2359 504 2450 contigisse
536 2359 663 2417 dicitr‘
666 2360 818 2433 ‘quoniam
852 2369 911 2418 erat
936 2360 1098 2418 verosimile
1130 2376 1245 2418 eumr
1220 2357 1277 2415 sibi

74 2454 188 2531 placere
204 2463 234 2512 et
247 2453 320 2512 elato
334 2471 399 2511 esse
413 2455 543 2512 animo.”
584 2457 762 2532 Augustinus
779 2457 859 2514 Petri
872 2457 1125 2563 presumptionem
1140 2474 1217 2531 saepe
1235 2470 1278 2512 rs·

73 2547 254 2627 dugu1t⁵et
277 2567 373 2606 veram
397 2557 567 2624 potestatem
593 2550 753 2608 abstinendi
776 2569 793 2607 a
816 2552 972 2639 negatione
987 2538 1179 2626 agnoscit:
1180 2549 1276 2621 *Quis

68 2629 245 2703 dubitaverit
262 2643 344 2718 quod
361 2643 452 2702 sudas
465 2642 627 2710 Christum,
641 2645 668 2702 si
690 2644 840 2712 voluisset,
861 2662 920 2703 non
939 2620 1037 2717 uffllue
1058 2641 1229 2710 tradidisset,
1243 2624 1297 2703 Ω

77 2738 225 2811 Petrus,
199 2758 228 2796 st
241 2737 388 2806 voluisset,
404 2747 446 2795 ter
459 2736 616 2796 Dominum
631 2757 690 2797 non
703 2737 883 2815 negassetl⁸”

110 2837 182 2892 564.
208 2831 275 2911 obj.
290 2835 322 2890 4.
338 2833 516 2908 Augustinus
530 2833 681 2891 manifestis
693 2833 777 2891 docet
790 2832 943 2906 aliquando
954 2833 1097 2892 volentem
1112 2833 1204 2891 lacere
1218 2831 1276 2890 Dei

77 2928 250 2997 mandatum,
266 2947 326 2986 non
346 2946 445 3005 posse,
467 2928 578 2986 delectu
597 2927 741 2987 validioris
761 2929 870 2987 auxilii.
912 2930 961 2987 Ait
980 2930 1076 2986 enim:
1099 2929 1187 2996 “Qui
1207 2947 1275 3006 ergo

78 3026 133 3085 vult
152 3027 246 3083 lacere
266 3025 322 3083 Dei
338 3024 513 3093 mandatum,
529 3036 557 3097 et
571 3045 629 3083 non
650 3035 753 3102 potest,
772 3027 834 3104 jam
856 3025 972 3099 quidem
995 3026 1079 3084 habet
1100 3026 1274 3086 voluntatem

76 3120 188 3189 bouem,
204 3120 255 3178 sed
269 3120 361 3178 adhuc
373 3139 488 3197 parvam
500 3133 528 3179 et
539 3121 710 3180 invalidam:
726 3123 830 3200 poterit
840 3133 934 3181 autem
946 3142 1012 3181 cum
1024 3142 1157 3201 magnam
1169 3124 1274 3184 habuc·

76 3216 107 3275 rit
120 3226 151 3275 et
162 3217 318 3275 robustam
321 3215 353 3255 ’Ἴ

110 3317 184 3372 665.
206 3308 296 3389 Hesp.
319 3310 413 3370 Docet
425 3312 602 3388 Augustinus
618 3315 738 3373 validius
752 3315 823 3374 illud
836 3317 996 3377 subsidium
1010 3318 1101 3376 oranti
1117 3337 1175 3376 non
1189 3316 1275 3378 dene·

76 3408 151 3482 gari:
175 3405 274 3464 “Ideo
291 3406 373 3482 jubet
398 3405 503 3478 aliqua,
519 3426 582 3480 quae
602 3426 661 3465 non
675 3428 841 3484 possumus,
856 3421 888 3468 ut
906 3414 1071 3470 noverimus
1086 3413 1155 3486 quid
1175 3416 1209 3472 ab
1224 3416 1290 3475 illo's

74 3512 169 3576 petere
184 3500 387 3559 debeamus.’'⁸

110 3602 181 3657 366.
208 3597 275 3677 obj.
291 3603 319 3657 5.
343 3599 515 3666 Quotidiana
535 3608 686 3657 occurrunt
702 3599 835 3676 exempla
849 3600 995 3678 justorum
1021 3609 1041 3636 ‘¹
1055 3601 1105 3674 qui
1129 3610 1271 3664 tentantur

72 3693 145 3752 ultra
159 3711 246 3767 quam
260 3695 373 3771 possint
382 3695 571 3753 sustinere.”⁰

105 3866 151 3933 ιι)
171 3865 636 3930 ιιιιωιιιιιιιιιωιιιιιιιι.
648 3853 786 3920 cnuth
798 3869 837 3920 ro.

104 3949 149 4015 (ι)
169 3950 452 4001 Hibcxxxi'ninMst.
710 4010 714 4016 ,

107 4034 151 4100 (3)
172 4033 262 4100 chrys.
273 4035 339 4085 hom.
351 4036 421 4086 xxxi.
429 4036 457 4086 iss
467 4052 507 4102 ep.
517 4037 549 4087 sd
558 4037 622 4088 Heb.
634 4053 660 4087 n.
672 4039 695 4086 6.

108 4120 153 4187 (4)
173 4120 256 4170 'l'ract
267 4121 326 4170 xcii.
337 4121 365 4170 in
376 4121 391 4170 J
393 4137 450 4171 oen.

110 4204 152 4273 (6)
171 4204 254 4254 'l'rsct
264 4205 323 4254 lxvi
334 4205 361 4254 in
371 4205 444 4256 loen.
473 4205 556 4258 Tract.
566 4208 632 4258 cxiii
643 4225 669 4258 n.
680 4209 705 4256 6.
733 4205 810 4259 Senn-
822 4209 923 4262 ccxcvii.
934 4226 960 4263 ιι.
973 4213 996 4262 1.
1020 4211 1098 4265 Soron
1109 4211 1201 4266 ccxcvi.
1213 4214 1272 4264 nu.

108 4288 154 4355 (6)
173 4288 204 4338 L.
214 4289 246 4338 ‹le
254 4290 317 4340 unit.
325 4289 394 4339 Eccl.
404 4306 426 4341 c.
438 4290 472 4341 ix.

109 4372 152 4438 (7)
171 4371 226 4422 Lib.
236 4371 267 4421 de
277 4379 339 4436 grat.
349 4379 375 4422 et
384 4374 425 4423 lib.
436 4374 485 4423 erb.
495 4389 517 4424 c.
526 4375 585 4426 xvii

108 4456 152 4522 (6)
170 4452 201 4508 Β.
211 4456 243 4505 de
253 4455 313 4506 Nat.
324 4462 349 4506 st
357 4455 433 4517 ςιιιιίι
444 4472 466 4506 c.
476 4456 518 4505 liii·
537 4486 545 4511 ι

108 4541 152 4611 (i)
170 4539 201 4593 L·
211 4539 243 4594 ds
253 4539 331 4606 vulis
343 4539 436 4593 cunni
446 4555 468 4592 o·
479 4539 531 4593 xiil.
