2744 5024
285 264 343 339 bu
363 266 490 339 souis
511 269 718 339 OPERIBUS
738 270 1019 341 eruciatibus.
1201 272 1260 338 888

63 422 254 490 immolatas.¹
292 431 363 492 ideo
386 434 553 510 subjunxit:
576 435 727 508 “Siquis
750 449 832 495 rocat
853 454 905 495 vos
928 437 1096 507 infidelium,
1122 448 1151 495 et
1175 435 1260 495 tultis

65 525 127 584 ire:
150 546 236 586 omne
250 528 327 601 quod
341 530 423 588 robis
448 531 611 607 apponitur,
626 531 805 600 manducate,
826 532 899 591 nihil
920 534 1125 611 interrogantes
1146 543 1264 611 propter

61 626 281 684 conscientiam.
322 627 356 684 Si
375 628 441 700 quis
463 638 557 686 autem
572 627 697 686 dixerit:
720 629 786 687 Hoc
800 628 977 688 immolatum
992 639 1037 688 est
1050 629 1152 688 idolis:
1175 631 1262 689 nolite

60 718 245 788 manducare,
261 733 376 798 propter
388 722 468 783 illum
484 722 534 794 qui
546 722 692 792 iudicavit,
713 735 742 781 et
762 736 878 800 propter
901 724 1153 784 conscientiam.”¹
1192 723 1264 783 Pro·

30 858 36 873 .
61 813 432 893 ssctdjusscrusthpostoli
443 828 473 874 ut
484 818 519 875 ab
529 817 697 894 idolothytis
709 819 913 876 abstineretur:
926 820 1065 886 desimam
1076 823 1267 882 transnato

61 909 142 982 quod
156 923 329 987 preceptum
340 911 502 970 necessarii
512 911 721 972 observandum
727 918 811 971 erat.⁴
824 913 892 971 Pari
904 913 989 989 igitur
997 909 1105 967 ratione
1115 907 1266 984 jejunandi

63 1018 252 1082 pracceptum,
267 1008 358 1066 semel
372 1007 461 1065 latum
475 1009 510 1065 ab
524 1009 662 1067 Ecclesiae
677 1009 856 1084 praesulibus,
871 1006 1040 1067 serrandum
1055 1016 1109 1062 est.

105 1103 174 1158 bos.
200 1099 265 1179 ouj.
281 1105 310 1159 4.
344 1101 469 1160 Omnem
483 1102 519 1160 de
533 1103 661 1161 ciborum
675 1121 779 1180 genere
794 1103 838 1161 sel
853 1104 937 1182 copia
950 1099 1160 1169 solicitudinem
1174 1097 1266 1174 rejicit

63 1197 244 1272 Apostolus:
274 1199 386 1258 “Esca
408 1210 503 1256 autem
527 1217 580 1257 nos
603 1218 662 1257 non
686 1200 868 1274 commendat
893 1183 967 1258 Deo.
1008 1197 1113 1270 Neque
1137 1195 1213 1253 euim
1240 1195 1267 1252 si

65 1291 343 1361 manducaverimus,
371 1292 602 1363 abundabimus3
637 1312 732 1368 neque
756 1295 783 1353 si
809 1313 867 1354 non
894 1291 1170 1357 manducaverimus,
1198 1289 1266 1348 deti·

69 1386 230 1445 ciemus.”⁵
275 1403 281 1413 ¹
516 1454 527 1469 Ι

107 1486 178 1541 504.
199 1482 289 1562 Rcrp.
312 1485 397 1563 Apud
409 1480 588 1554 Corinthios,
604 1486 653 1559 qui
668 1486 803 1570 plerique
812 1486 919 1544 ethnici
939 1486 1060 1552 fuerant,
1075 1484 1110 1540 de
1125 1482 1268 1557 idolothy-

69 1578 107 1635 tis
122 1580 245 1652 quoestio
258 1590 319 1639 orta
331 1581 431 1649 iuerat,
447 1601 531 1656 quarn
547 1600 583 1640 eo
596 1582 652 1640 loci
663 1581 912 1657 solsitApostolus
923 1581 1031 1639 ratione
1039 1580 1097 1638 illis
1108 1582 1268 1636 accommo·
1316 1600 1320 1605 ·

70 1672 137 1732 data
151 1694 159 1731 τ
181 1693 236 1733 nec
246 1677 324 1734 euim
338 1677 368 1735 iu
382 1677 485 1735 iisdem
499 1679 683 1735 versabantur
695 1677 914 1735 circumstantiis
927 1675 1072 1748 inquibus
1085 1673 1268 1739 Antiocheni,

67 1768 165 1828 Judaei
178 1771 255 1829 enim
270 1789 374 1848 magno
388 1790 507 1831 nurnero
521 1773 681 1830 Antiochiae
698 1774 888 1830 morabantur.
930 1770 1014 1837 Quod
1028 1771 1113 1846 igitur
1125 1769 1213 1826 latum
1226 1777 1271 1824 est

74 1876 252 1942 preceptum
264 1868 431 1927 iu'coucilio
445 1869 711 1945 Hierosolymitano
723 1869 758 1927 de
773 1868 940 1927 abstinentia
949 1868 983 1924 ab
998 1865 1175 1953 idolothytis,
1188 1864 1270 1935 Anti·
1334 1926 1341 1941 ,

71 1961 201 2022 ochenos
212 1963 355 2040 imprimis
366 1966 545 2041 respiciebat,
560 1976 588 2023 et
602 1966 673 2023 alios
693 1965 781 2023 simili
795 1965 826 2022 in
839 1983 933 2022 rerum
946 1956 1119 2029 conditione,
1130 1972 1161 2020 ut
1174 1959 1193 2019 J
1195 1960 1269 2019 udae-

69 2075 155 2116 ornm
169 2076 235 2116 cum
250 2058 392 2118 Gentibus
407 2061 437 2116 in
452 2060 586 2118 Ecclesia
599 2061 774 2119 consortium
783 2060 893 2118 facilius
904 2059 984 2118 toret.
1027 2057 1096 2117 Non
1110 2057 1150 2115 ita
1169 2075 1271 2133 urgen-

70 2153 140 2211 dum
154 2165 223 2220 erat,
239 2153 389 2213 deficiente
404 2155 464 2230 pari
484 2155 612 2213 ratione:
634 2155 698 2212 ideo
713 2154 869 2230 Apostolus
885 2152 1044 2211 Corinthiis
1061 2152 1176 2224 reliquit
1189 2151 1271 2209 liher-

72 2260 170 2318 tatem,
185 2249 342 2308 dummodo
356 2268 409 2311 nec
423 2252 452 2308 in
467 2251 574 2327 templo
588 2270 687 2309 cernes
702 2251 879 2309 victimarum
894 2247 1086 2316 comederent,
1100 2264 1168 2307 nam
1188 2248 1273 2324 parti·

73 2347 155 2422 cipes
180 2345 274 2403 cultus
299 2345 399 2404 merith
422 2346 602 2414 haberentur,
618 2365 671 2405 nec
684 2347 801 2424 privatis
816 2347 846 2406 in
861 2347 1003 2414 domibus,
1018 2347 1044 2404 si
1057 2345 1181 2405 offensio
1195 2345 1273 2404 infir·

74 2444 129 2500 mis
152 2440 220 2500 iude
234 2454 405 2502 nasceretur.
448 2441 592 2503 Ceterum
607 2445 773 2524 animalium
788 2455 887 2503 carnes
902 2444 973 2502 nihil
988 2443 1071 2502 nobis
1085 2443 1213 2502 conferre
1228 2442 1273 2500 vel

76 2538 187 2599 auferre
202 2538 304 2595 merito
317 2537 399 2607 dixit,
415 2557 468 2595 nec
481 2540 558 2596 enim
573 2540 643 2614 ipsae
665 2558 717 2597 nos
731 2539 933 2597 commendant
949 2539 1024 2604 Deo,
1040 2556 1092 2594 occ
1107 2548 1211 2612 augent
1227 2537 1272 2595 rel

81 2635 217 2692 minuunt
226 2632 367 2710 justitiam
380 2644 517 2691 nostram.
557 2633 705 2710 Jejunium
720 2632 787 2691 verb
802 2653 839 2690 ex
853 2632 947 2690 studio
962 2631 1134 2708 poenitentiae
1150 2633 1193 2690 vel
1207 2649 1274 2690 con-

74 2730 269 2806 templationis
279 2731 437 2788 caelestium
446 2714 540 2788 rerum
552 2742 660 2807 gratum
672 2748 737 2787 esse
747 2730 811 2788 Deo
824 2732 942 2806 probant
954 2731 1102 2787 innumera
1113 2729 1275 2787 testimonia

76 2824 288 2900 scripturarum
303 2834 332 2881 et
353 2825 496 2900 exempla.
538 2824 570 2883 ld
593 2826 710 2901 insuper
723 2823 1003 2883 animadvertendum
1024 2825 1191 2900 interpretes
1206 2824 1275 2882 Pro·

76 2921 374 2980 testanticoscensere
390 2922 474 2978 verba
487 2921 536 2978 illa
549 2921 738 2996 objectionem
751 2921 974 2979 adversariorum
989 2922 1152 2979 continere:
1176 2931 1194 2957 ‘⁸
1208 2920 1275 2978 Hoc

76 3017 147 3077 dicit
160 3018 207 3075 vel
221 3018 248 3076 in
269 3036 391 3094 persona
405 3016 632 3084 Corinthiorum,
648 3019 692 3076 rel
713 3017 830 3076 Pseudo
858 3018 1052 3094 apostolorum
1073 3018 1128 3076 hoc
1156 3029 1277 3094 praetex-

78 3116 200 3182 entium,
216 3116 324 3173 cultum
338 3114 395 3173 Dei
408 3115 443 3172 in
453 3115 524 3172 cibis
538 3133 597 3172 nou
611 3132 675 3172 esse
689 3114 863 3192 positum.”⁸

113 3273 154 3335 (1)
166 3271 205 3321 Ita
215 3270 322 3335 explicet
332 3272 384 3336 ipse
396 3271 555 3334 Machnight:
573 3271 672 3322 “With
682 3279 776 3338 respect
786 3280 812 3323 to
823 3273 864 3323 the
874 3273 1001 3338 questions
1017 3271 1127 3322 whether
1143 3271 1185 3322 the
1201 3281 1279 3323 meets

76 3355 201 3405 sacrificed
213 3362 239 3404 to
249 3353 320 3414 idols,
330 3355 412 3406 which
423 3372 486 3406 were
497 3357 550 3406 sold
565 3357 593 3406 io
610 3357 652 3407 the
669 3360 782 3418 marhets,
793 3358 873 3420 might
888 3360 919 3409 be
935 3367 1004 3408 caten
1016 3360 1049 3422 by
1062 3356 1214 3419 Christiana
1231 3359 1280 3409 end

77 3441 189 3493 whether
199 3441 257 3505 they
269 3440 348 3503 might
358 3448 397 3491 eat
409 3442 439 3490 of
451 3442 519 3492 these
530 3449 606 3491 meets
623 3442 650 3490 iu
666 3442 707 3490 the
724 3442 814 3491 houses
825 3443 854 3490 ot*
866 3442 909 3491 the
924 3442 1052 3501 heathens,
1063 3442 1137 3493 when
1148 3451 1185 3494 set
1201 3447 1281 3494 before

78 3527 147 3577 theru
159 3543 186 3576 as
197 3542 212 3575 a
223 3541 344 3586 common,
355 3536 400 3577 not
410 3544 437 3577 as
448 3544 463 3575 a
473 3526 588 3589 religious
598 3525 735 3585 mech-he
750 3525 844 3575 desired
855 3524 897 3574 the
907 3525 1064 3574 Corinthiam
1075 3533 1100 3574 to
1111 3534 1151 3575 eat
1161 3528 1284 3576 whatever

79 3627 132 3660 was
144 3610 197 3660 sold
208 3610 234 3659 iu
245 3609 288 3659 the
298 3609 426 3671 shambles,
438 3611 543 3661 without
552 3610 679 3674 inquiriug
690 3608 799 3660 whether
816 3609 836 3659 it
851 3608 900 3659 had
917 3610 980 3659 been
995 3608 1117 3659 sacrificed
1135 3617 1161 3659 to
1177 3611 1239 3660 idols
1255 3627 1283 3663 or

80 3690 208 3746 no't—snd
218 3696 241 3745 is
247 3694 375 3746 aheatheu
387 3696 479 3746 iurited
489 3697 556 3746 them
567 3704 593 3746 to
604 3696 643 3746 his
653 3696 738 3756 house,
749 3696 796 3744 aud
808 3693 867 3759 they
875 3710 939 3744 were
950 3693 1057 3743 inclined
1068 3700 1093 3743 to
1104 3711 1143 3759 go,
1152 3695 1210 3760 they
1219 3712 1283 3746 were

81 3789 108 3830 to
118 3787 159 3829 eat
169 3780 292 3830 whatever
300 3796 352 3830 was
363 3789 400 3832 set
409 3782 490 3832 before
501 3782 576 3842 them,
587 3781 675 3844 ashing
691 3797 725 3831 no
742 3780 866 3846 questione
882 3779 919 3829 ior
935 3778 1078 3829 conscience
1094 3780 1176 3831 sake.”
1210 3780 1281 3832 Vierr

40 3878 43 3883 ’
81 3864 131 3915 shd
142 3865 298 3923 illustretion,
318 3868 330 3913 1
345 3865 401 3916 Gor.
412 3881 437 3916 x.

121 3951 164 4015 (2)
183 3950 243 3999 lbid.
252 3966 275 4000 r.
287 3953 328 4000 27.

122 4036 164 4101 (3)
184 4034 240 4084 Act
251 4051 292 4085 xv.
304 4037 346 4085 29.

121 4120 164 4185 (4)
184 4117 277 4168 utrem
288 4122 328 4168 ae.

121 4205 158 4264 (5)
180 4205 191 4249 l
204 4201 262 4252 Cor.
271 4202 321 4255 viii.
333 4206 358 4252 8.

121 4291 161 4355 (6)
181 4286 267 4338 Oritici
278 4288 340 4337 sacri
348 4304 366 4336 a
376 4287 496 4338 Matthaeo
509 4287 575 4338 Polo.
608 4286 753 4338 Bloomfield
771 4284 826 4338 sits
836 4295 850 4318 ‘¹
859 4286 915 4336 'Phe
932 4287 985 4337 best
1000 4299 1188 4342 commentatore
1204 4308 1245 4342 arc
1261 4294 1291 4342 ol
1296 4323 1300 4335 ·

88 4375 189 4438 opinion
207 4373 259 4423 thot
275 4373 325 4424 this
341 4373 363 4422 is
379 4373 472 4438 spoken
487 4373 515 4422 in
531 4372 573 4422 the
590 4389 678 4438 person
694 4375 723 4423 of
735 4375 777 4424 the
789 4373 956 4432 Corinthiam,
968 4374 1017 4424 end
1033 4377 1145 4427 contains
1161 4377 1203 4427 the
1219 4378 1288 4429 other

87 4461 142 4524 ples
161 4459 223 4525 (and
233 4458 286 4510 that
296 4458 393 4509 derived
403 4473 420 4508 a
428 4473 513 4509 rerum
520 4462 636 4526 nutura)
647 4461 678 4524 by
687 4452 768 4510 t'vhich
777 4460 835 4524 they
844 4459 953 4524 justified
961 4460 1025 4513 their
1034 4462 1288 4531 munaida-mem

90 4544 119 4596 Iu
130 4545 176 4596 lec.
193 4543 339 4607 Msckuight
349 4544 478 4594 wnseutit.
