2744 5024
373 278 430 338 oe
453 279 611 344 sunum
632 280 925 342 sussrornusn.
1149 297 1165 331 ι
1189 269 1284 367 ιιο·ν
1309 248 1336 337 ’.

61 447 166 489 prorsus
182 432 285 491 effectu
300 445 402 503 eareat,
417 435 468 494 sed
483 454 549 496 eum
564 438 593 496 iu
607 439 740 497 omnibus
755 427 858 512 quibus
874 438 964 508 detur,
979 441 1163 500 infallibiliter
1180 450 1252 527 op·

61 529 175 587 'elur.’'¹
1236 540 1240 549 ¹

96 629 161 682 135.
184 627 398 702 Presbyteriani
412 640 441 686 et
462 629 609 706 Baptistae,
626 630 804 688 calvinianis
820 631 991 691 inhaerentes
1011 633 1134 709 placitis,
1147 633 1251 691 docent
1358 611 1360 615 ¹

61 721 181 796 gratiam,
196 742 252 794 qua
266 725 343 782 salus
357 728 516 802 comparari
531 729 631 803 possit,
647 728 708 786 aliis
724 737 825 803 praeter
835 728 940 787 electos
953 728 1065 798 deesse,
1077 748 1249 803 quamquam

63 835 83 873 ιι
96 816 132 873 iis
147 817 278 889 quaedem
293 820 417 895 Spiritus
432 823 612 897 operationes
627 841 795 890 communes
809 825 1000 900 contingant.¹

95 915 160 969 136.
188 911 319 982 Quoleri
331 926 449 973 censent
462 916 559 974 lumen
574 918 693 974 interius
708 917 829 993 singulis
844 918 904 976 dari
917 917 994 997 quod
1010 919 1046 977 nd
1060 919 1178 977 salutem
1194 920 1252 977 sul·

61 1007 140 1074 ficiat,
157 1011 203 1066 cui
218 1007 465 1087 tamenplurimos
481 1004 585 1072 mentis
600 1015 698 1072 oculos
713 1012 862 1073 occludere
878 1015 1022 1074 latentur.⁰

95 1107 161 1163 137.
185 1106 234 1162 Ειι
259 1107 326 1164 fidei
351 1107 480 1167 doctrina
501 1120 612 1167 constat
635 1110 760 1167 interiori
786 1112 882 1187 gratiae
907 1131 1121 1185 nonnumquam
1147 1111 1255 1179 resistit

61 1200 185 1260 damnata
200 1211 244 1260 est
257 1206 346 1272 enim,
360 1214 504 1278 tamquam
520 1208 662 1275 heretica,
677 1208 739 1264 hoee
750 1208 881 1266 Janseuii
894 1211 1070 1286 propositio:
1093 1218 1113 1245 ‘⁶
1123 1207 1255 1266 Interiori

61 1297 149 1373 gratia
164 1299 283 1357 instato
298 1294 403 1359 nature
414 1302 502 1380 lapsoe
517 1322 674 1376 numquam
689 1303 876 1363 resistitur.”⁴

564 1495 748 1548 ruoeosimo.

99 1625 237 1689 Interiori
250 1633 360 1708 gratie
373 1633 407 1692 in
420 1640 502 1693 statu
516 1640 633 1693 nature
644 1633 733 1712 lapse
747 1633 908 1712 aliquunde
923 1635 1082 1696 resistitur.

104 1723 289 1785 Probaturl.
313 1747 348 1786 ec
363 1728 537 1807 Scripturis.

103 1823 164 1878 138.
188 1822 246 1878 Per
256 1823 358 1880 isaiam
373 1825 498 1896 queritur
507 1824 587 1881 Deus
602 1823 636 1880 de
647 1825 753 1900 populo
764 1844 826 1883 suo:
841 1834 860 1862 ‘⁸
871 1825 947 1892 Quid
957 1834 1000 1883 est
1008 1826 1084 1898 quod
1093 1826 1177 1884 debui
1186 1825 1258 1883 ultra
1298 1835 1304 1842 '

67 1914 185 1974 lacere'
160 1937 251 1976 vrneae
267 1939 348 1987 meae,
365 1930 392 1977 et
401 1939 458 1978 non
472 1921 526 1978 feci
538 1921 586 1978 eil
601 1940 638 1977 an
648 1921 723 1992 quod
736 1923 894 1997 expectavi,
910 1932 942 1979 ut
945 1904 1142 1989 faceretuvas‚
1153 1932 1181 1979 et
1192 1922 1258 1979 fecit

68 2009 223 2070 labruscas.
214 2013 261 2054 111
301 2017 437 2092 Populo
429 2017 515 2094 igitur
526 2016 650 2093 largitus
655 2028 698 2073 est
711 2017 789 2074 Deus
804 2017 938 2075 subsidia
935 2018 1040 2097 gratiss
1055 2018 1157 2090 quibus
1173 2018 1260 2075 bono·

70 2125 124 2166 rum
136 2129 254 2186 operum
270 2113 370 2170 uberes
385 2113 491 2173 fructus
507 2114 578 2172 serre
594 2125 729 2189 possent:
747 2134 813 2173 nam
824 2115 907 2191 juxta
922 2116 979 2172 vim
991 2127 1085 2172 textus
1100 2114 1169 2172 nihil
1182 2113 1259 2186 quod

73 2203 219 2266 faciendum
234 2220 293 2267 erat
306 2211 591 2290 pretermisit-la
607 2197 794 2319 ’l'l’Wlllll'
783 2226 810 2320 1
825 2196 951 2320 '0¹05
963 2215 1030 2293 'llll
1045 2212 1199 2305 ΠἹΨῖῗ
1202 2225 1261 2299 fill

79 2320 185 2382 conset
210 2337 305 2384 autem
332 2327 479 2386 interiora
492 2330 587 2405 gratie
613 2332 719 2389 auxilia
742 2350 807 2389 esse
834 2323 976 2408 imprimis
998 2335 1171 2400 necessaria,
1197 2349 1260 2405 quse

80 2417 180 2488 prolude
195 2439 334 2480 concessa
348 2423 532 2500 intelligenda
545 2433 621 2481 sunt.

113 2519 171 2575 139.
195 2518 365 2578 Peccatores
380 2520 532 2593 alloquitur
544 2520 623 2578 Deus
636 2523 664 2578 in
676 2512 901 2581 Proverbiorum
910 2523 983 2581 libro
994 2532 1065 2579 :-‘⁸
1075 2524 1153 2588 Quia
1160 2502 1263 2580 ¹vocavi

84 2613 259 2671 nummis:
282 2615 397 2672 exoendi
411 2634 526 2673 manum
542 2635 645 2684 meam,
661 2625 689 2674 et
702 2636 759 2674 non
776 2619 828 2676 luit
845 2620 893 2689 qui
908 2620 1056 2695 aspiceret.
1079 2617 1263 2693 Despexistis

61 2700 64 2709 ’
85 2721 150 2768 omne
163 2711 318 2769 eonsilium
335 2731 441 2779 meum,
457 2723 486 2769 et
505 2714 716 2788 increpationes
739 2733 817 2772 meas
841 2715 1019 2790 neglexistis.
1061 2715 1127 2790 Ego
1148 2731 1263 2786 quoque

63 2864 67 2873 ,
86 2797 106 2857 ln
116 2803 221 2863 interitu
237 2817 331 2864 vestro
346 2807 454 2875 ridebo,
469 2819 498 2865 et
510 2810 702 2876 subsannabo,
717 2828 782 2867 cum
798 2810 878 2866 vobis
894 2810 921 2866 id
945 2807 1020 2882 quod
1043 2809 1194 2877 timebatis,
1217 2809 1265 2865 nd·
1305 2818 1307 2821 ’

86 2901 183 2960 tenerit.
187 2901 220 2935 ’1
261 2904 350 2960 lllinae
366 2903 409 2961 hae
424 2905 578 2962 ostendunt
593 2923 681 2980 penes
696 2905 760 2963 illos
776 2904 864 2962 luisse
881 2905 944 2962 Deo
956 2905 1068 2960 vocanti
1082 2903 1264 2981 respondere,
1298 2927 1300 2931 ·

61 3038 69 3059 .
87 2999 106 3044 et
116 2995 377 3068 proindeinteriora
391 2992 485 3073 gratiae
501 2997 627 3055 subsidia
647 3009 752 3072 praesto
767 2998 873 3064 luisse;
897 3015 947 3054 eos
963 3006 1068 3064 autem,
1083 2996 1151 3054 lieet
1165 3011 1265 3053 vocem

87 3083 131 3158 ejus
144 3090 220 3148 intus
234 3091 397 3164 loquentem
414 3091 563 3160 audierint,
578 3112 629 3149 sua
644 3094 727 3169 culpa
741 3093 925 3150 induruisse.

61 3260 64 3272 .
117 3189 175 3244 tto.
199 3186 335 3244 Christus
358 3188 485 3245 civitates
508 3206 571 3260 quse
599 3188 742 3246 miraculis
765 3189 828 3265 ejus
848 3187 883 3245 ad
904 3187 1101 3264 poenitentiam
1122 3197 1184 3246 non‘
1203 3199 1269 3248 sunt

88 3291 162 3352 uota,
177 3284 364 3342 vehementer
384 3285 525 3362 redarguit
536 3283 706 3343 2-“'Tunc
731 3287 818 3362 coepit
837 3287 1015 3362 ¹exprobrare
1040 3286 1211 3360 civitatibus,
1240 3291 1270 3345 in

89 3376 172 3442 quibus
186 3372 267 3436 lactae
282 3390 349 3437 sunt
371 3380 500 3456 plurimoe
523 3381 639 3437 virtutes
654 3381 727 3457 ejus,
743 3381 809 3452 quia
830 3399 888 3438 non
911 3382 1039 3456 egissent
1062 3383 1269 3456 poenitentiam.

64 3454 67 3463 ¹
89 3464 127 3528 le
139 3474 192 3532 tibi.
202 3475 359 3543 corozain,
376 3495 418 3532 vae
433 3476 484 3533 tibi
500 3475 672 3534 bethsaida:
695 3477 761 3548 quia
775 3479 800 3533 si
815 3476 843 3532 in
860 3475 945 3554 Tyro¹
957 3486 985 3560 et
1001 3476 1110 3532 Sidone
1132 3477 1213 3535 faetae
1227 3497 1271 3534 es·

90 3579 136 3627 seut
149 3556 266 3630 virtutes
281 3591 344 3644 quae
359 3572 439 3631 sactae
455 3573 565 3630 suntin
580 3572 671 3639 vobis,
686 3572 755 3630 olim
770 3572 799 3629 iu
814 3570 908 3628 cilicio
922 3581 950 3628 et
963 3570 1059 3628 cinere
1073 3571 1271 3646 poenitentiam

119 3795 153 3862 (l)
170 3798 434 3866 Angustissimum
446 3799 522 3861 gretie
534 3798 599 3848 Salv.
610 3815 632 3848 o.
643 3815 701 3848 xxv.
765 3827 766 3830 =

61 3918 63 3933 .
120 3879 184 3945 (2)“
194 3883 284 3933 Others
295 3891 340 3932 not
350 3884 449 3943 elected,
461 3884 578 3945 although
596 3884 654 3947 they
666 3899 722 3946 may
735 3883 764 3930 be
781 3879 857 3929 called
873 3847 959 3944 hythe
975 3878 1087 3942 ministry
1105 3879 1133 3927 ol
1147 3878 1188 3927 the
1199 3877 1275 3950 word,

61 3962 65 4051 l¹
97 3961 131 4010 1111
140 3980 189 4031 may
201 3968 263 4017 have
275 3985 343 4018 some
360 3985 474 4018 common
492 3969 627 4033 operatione
639 3968 667 4017 ol
680 3968 722 4017 the
739 3966 820 4030 Spirit,
831 3973 873 4028 yet
889 3969 947 4029 they
965 3981 1039 4014 never
1049 3966 1113 4029 truly
1126 3978 1196 4012 come
1213 3969 1274 4011 unte

61 4030 225 4109 11111111
237 4052 356 4102 therefore
367 4061 458 4103 cannot
469 4054 498 4102 be
510 4051 606 4101 sevedl’
624 4050 733 4116 Presbyt.
746 4050 817 4099 Oonl.
829 4066 850 4098 c.
861 4064 886 4098 x.
898 4050 932 4108 ς
926 4065 958 4098 ιν.

125 4130 179 4196 (3)*
180 4137 326 4199 ‘Although
337 4138 386 4187 this
397 4139 443 4200 gift
454 4137 503 4187 end
514 4137 608 4186 inwurd
619 4153 689 4198 grece
701 4138 729 4186 oi
742 4135 798 4186 God
808 4137 838 4184 be
849 4134 970 4184 sufficient
982 4141 1008 4183 to
1018 4135 1086 4184 work
1097 4140 1140 4182 out
1151 4125 1277 4188 salvation,

61 4198 145 4270 l'yet
139 4230 161 4266 m
170 4220 252 4272 thosa'
245 4240 272 4272 ιιι
284 4223 385 4274 whom
379 4232 399 4275 rt
409 4225 430 4274 is
441 4203 550 4286 resisted‚
560 4224 581 4273 it
596 4223 656 4273 both
667 4239 732 4287 may,
745 4222 794 4273 and
805 4221 865 4272 deth
881 4223 980 4272 berem
992 4220 1053 4270 their
1064 4213 1277 4270 οοιιᾱιιιιιιι1101131

61 4288 170 4363 ΡΨ
165 4319 195 4356 rx.
206 4309 271 4374 apud
282 4309 394 4374 Bercluy.

61 4434 68 4469 Ι
128 4380 165 4451 (1)
181 4391 250 4460 Prope
261 4395 287 4444 ll·

61 4474 63 4481 '
83 4484 86 4493 '
128 4468 159 4539 (5)
176 4475 258 4530 luiso.
269 4495 322 4544 esp.
334 4496 357 4529 v.
368 4483 393 4531 2.

127 4552 160 4620 (1)
181 4560 250 4617 Prot.
261 4566 278 4616 1.
288 4565 329 4623 24,

1309 386 1346 441 sir
