2744 5024
405 107 467 175 mr
489 109 656 178 JUSTINI
672 108 933 177 SENTENTIA.

282 439 425 503 CAPUT
445 442 500 504 IV.
544 445 603 505 DE
624 442 790 505 IUSTlNl
811 443 1067 505 SENTENTIA.

122 597 181 656 188.
203 595 250 656 De
266 598 324 658 fide
339 617 403 673 qua
424 600 499 678 apud
521 600 684 661 Ecclesiam
709 604 872 661 universam
896 599 1019 661 obtinuit
1039 611 1103 660 ante
1123 583 1277 662 concilium

62 684 237 762 stilianum,
253 715 271 752 a
292 690 399 754 lustini
420 697 520 755 saltem
542 709 633 765 aetate,
648 694 790 774 superiori
814 694 905 773 capite
928 692 1135 756 disseruimus:
1157 696 1193 756 de
1213 696 1278 773 ipsa
1303 698 1307 705 '

49 802 52 856 ξ
86 785 178 847 dmtini
193 791 337 850 sententia
357 812 432 851 nunc
451 789 665 867 inquirendum.
709 795 806 860 Quum
821 789 898 852 enim
920 790 1043 851 Unitarii
1058 802 1186 851 asserant
1205 811 1272 850 eum

52 920 55 925 -
85 882 212 961 dogmatis
224 882 260 944 de
274 886 392 945 Christo
404 888 468 946 Deo
482 891 575 964 prima
587 888 754 966 designasse
765 890 950 956 lineamenta,
960 899 988 946 et
1000 887 1147 947 Platonica
1159 886 1272 964 placita,

84 980 270 1054 potiusquam
292 982 433 1058 majorum
448 984 586 1052 instituta,
602 993 742 1067 sectatum
756 1002 834 1051 esse,
854 984 936 1059 juvat
956 982 1107 1042 ostendere
1128 976 1276 1040 eumcum

84 1077 280 1151 posterioribus
291 1075 487 1152 scriptoribus,
499 1068 604 1137 etcum
619 1081 684 1156 ipso
695 1079 818 1137 concilio
831 1078 860 1136 N
863 1080 964 1147 ieaeno,
977 1079 1006 1136 in
1018 1078 1150 1154 dogmate
1164 1095 1279 1136 concor·

83 1168 151 1236 dem,
165 1171 293 1245 illudque
318 1190 376 1230 non
397 1192 414 1231 a
434 1173 563 1232 Platonis
584 1173 692 1242 schola,
715 1174 766 1232 sed
787 1195 802 1232 a
820 1174 934 1250 publica
954 1173 1094 1232 Ecclesiae
1117 1172 1278 1231 christianae

83 1264 210 1337 doctrina,
225 1269 384 1345 scripturae,
397 1279 428 1328 et
441 1271 581 1348 majorum
597 1270 745 1329 traditione
758 1271 868 1339 innixa,
884 1271 1027 1329 hausisse.

509 1439 511 1443 ’
591 1462 776 1513 eaorosrnro,

114 1593 232 1658 erint
246 1605 331 1657 atate
344 1594 435 1658 desua
451 1597 590 1659 Christus
604 1600 696 1679 filius
719 1601 786 1669 Dei,
801 1619 946 1678 carusque
960 1599 1055 1670 Deus,
1071 1599 1203 1680 quadem
1224 1604 1278 1693 sqq

49 1698 53 1753 '.
86 1688 149 1753 ticet
160 1713 227 1754 cum
241 1695 335 1754 Putre
348 1696 535 1766 substantiae,
548 1698 583 1756 in
596 1697 740 1755 emineres
760 1696 898 1756 Ecclesia
911 1716 947 1755 en
960 1698 1110 1755 constanti
1130 1697 1281 1774 moj0rum

78 1788 148 1864 fieb,
160 1790 288 1866 egreiam
303 1796 357 1848 ert.

123 1889 185 1944 189.
206 1885 370 1945 Probatur.
390 1893 473 1956 Inesse
490 1894 597 1957 Χριστος
609 1909 682 1956 poros
698 1886 763 1950 ίδιως
781 1891 834 1952 broc
844 1908 880 1944 ra
897 1896 1101 1961 deciperemus,
1119 1903 1189 1958 topos
1206 1886 1280 1943 duros

86 1980 253 2047 daapxoanoc
261 1998 470 2050 amoenamus
481 1987 586 2051 δυναμις,
598 2003 642 2036 aas
653 2000 687 2053 τῃ
699 1988 775 2055 Scap
787 1983 862 2038 ἀυτου
873 2006 996 2055 peropaca,
1006 1984 1150 2053 ἀνδρωποςέ
1166 1983 1211 2060 “l
1213 2002 1279 2041 esus

89 2071 211 2148 Christus
225 2095 315 2134 sonus
336 2094 464 2134 sacrans
479 2094 608 2133 mrusa
627 2074 691 2132 Deo
705 2076 817 2150 genitus
837 2085 892 2144 est,
908 2094 998 2148 quum
1019 2077 1058 2133 sit
1072 2077 1201 2135 Verbum
1215 2078 1279 2153 ejus

89 2179 116 2225 et
126 2171 337 2249 primogenitus,
351 2180 381 2240 et
394 2172 494 2237 virtus,
509 2181 538 2226 st
551 2169 694 2226 voluntate
706 2171 770 2245 ejus
786 2169 875 2228 factus
887 2171 925 2228 sit
938 2171 1059 2230 homo.”
1105 2172 1140 2230 ln
1154 2171 1281 2230 secunda

91 2264 219 2344 Apologia
230 2266 326 2325 dicit?
337 2268 389 2319 dds
401 2266 450 2328 sios
459 2269 562 2323 ἐκεινου,
572 2268 586 2319 ὃ
597 2287 666 2332 poros
676 2281 802 2335 λεγομενος
813 2288 898 2335 κυριως
908 2270 965 2328 boor,
976 2270 990 2321 d
1001 2281 1070 2337 λογος
1088 2285 1135 2336 προ
1146 2288 1195 2323 των
1207 2285 1279 2336 ποιη-

90 2379 221 2425 ματων,κω
241 2384 314 2418 coma
330 2385 374 2418 aar
390 2362 552 2432 persomme·
585 2361 705 2418 “Filius
730 2362 814 2436 ejus,
836 2361 885 2433 qui
908 2380 997 2419 sonus
1022 2381 1148 2420 anorum:
1174 2363 1279 2421 Fraros

95 2453 189 2526 dicitnr,
204 2452 412 2517 Verbum'aute
427 2475 472 2514 res
486 2465 594 2514 creatas
609 2467 638 2513 et
652 2457 738 2514 simol
751 2457 891 2522 existens,
906 2467 935 2512 et
948 2457 1092 2532 genitus.’'
1115 2456 1195 2514 Alias
1210 2457 1279 2514 dicit

96 2559 233 2622 Mosam
245 2571 333 2609 τουτον
339 2573 384 2608 του
392 2560 450 2606 decu
460 2555 519 2609 boum
530 2555 555 2614 ὃς
565 2573 608 2605 aar
620 2569 665 2620 προ
674 2551 790 2618 ἓωσφορου
798 2572 841 2603 xus
853 2565 948 2618 σεληνης
958 2554 991 2619 ἦν,
998 2569 1043 2604 aaut
1053 2554 1097 2604 δια
1108 2568 1152 2619 της
1162 2558 1280 2619 adobertus

49 2702 52 2717 Ι
97 2654 130 2705 ἵης
141 2640 186 2696 dno
201 2659 246 2696 rw
263 2662 344 2714 γειους
360 2658 404 2695 sorr
422 2643 503 2704 Δαβιδ
514 2647 657 2710 γευνηὲηνω
675 2644 858 2706 σαρκοποιῃὲεις
869 2639 1020 2703 ὑπεμεινεν.8
1059 2637 1152 2693 Vocat
1171 2637 1282 2695 scilicet
1360 2650 1364 2655 ⁴

49 2742 51 2747 '
99 2739 148 2793 san
161 2737 342 2795 “Christum
354 2737 431 2794 hunc
446 2736 501 2795 Dei
514 2735 616 2802 filium,
632 2734 681 2805 qui
702 2744 731 2790 et
752 2741 816 2789 ante
828 2731 987 2803 incisarum
1001 2741 1030 2789 et
1048 2730 1145 2789 lunam
1161 2741 1231 2798 erat,
1253 2743 1281 2789 et

99 2842 135 2897 ou
146 2833 283 2910 virginem
298 2830 377 2889 illam
391 2849 551 2907 exgenere
568 2828 662 2887 David
678 2827 757 2886 nasci
771 2844 838 2885 caro
847 2812 941 2884 'sacrm
956 2824 1122 2885 sustinuit.”

130 2929 188 2986 190.
209 2928 307 2986 Deum
321 2927 407 2984 etism
430 2927 591 3002 saepissime
607 2937 698 2992 vocat,
723 2936 752 2981 et
772 2923 960 2980 disertissime
978 2932 1148 3000 propugnat.
1190 2923 1224 2981 ln
1244 2942 1280 2982 oo

101 3023 243 3082 vaticinium
257 3023 343 3080 lsaiae
352 3021 387 3079 da
402 3041 491 3097 puero
506 3021 695 3080 Emmanuele
707 3019 855 3097 impletum
871 3019 957 3078 dicit:
976 3022 1066 3088 tpcocc'o
1076 3023 1119 3075 rm
1130 3035 1166 3088 eq>
1177 3025 1277 3089 scopam

98 3110 224 3188 brema&
235 3119 303 3188 ἡμων
313 3125 380 3179 Osos:
404 3117 528 3174 “dicent
541 3135 628 3193 super
642 3119 758 3176 nomine
773 3118 855 3195 ejus:
872 3134 1024 3176 uonrscurr
1038 3113 1163 3174 nans.''⁴

130 3216 186 3273 191.
209 3199 318 3272 Psaltis
332 3214 419 3272 verba
432 3232 497 3286 quae
511 3232 662 3271 ascensum
684 3215 713 3272 in
735 3214 836 3272 caelum
858 3212 1031 3280 describunt,
1046 3211 1082 3270 de
1098 3213 1217 3271 Christo
1238 3213 1279 3270 in·

101 3311 265 3387 ltrpretatur:
289 3309 463 3367 “Dominus
476 3311 619 3377 virtutum,
635 3312 697 3385 ipse
712 3321 755 3365 est
770 3326 820 3364 rex
831 3308 928 3383 gloria
942 3307 972 3372 ;''
985 3319 1015 3365 et
1030 3318 1049 3344 ‘⁸
1060 3308 1124 3365 haec
1138 3309 1167 3364 in
1180 3307 1279 3365 Chris·

100 3406 145 3460 lum
167 3402 240 3462 dicta
263 3413 346 3461 sunt:
377 3404 533 3462 ‘Ascendit
557 3405 635 3462 Deus
660 3404 689 3459 in
706 3401 810 3477 jubilo,
826 3411 854 3456 et
878 3400 1021 3457 Dominus
1046 3400 1076 3455 in
1100 3417 1170 3457 voce
1195 3403 1279 3457 tubas.

103 3489 200 3558 Psallite
215 3500 282 3559 Deo
295 3509 404 3566 nostro,
420 3499 546 3574 psallite:
570 3499 681 3574 psallite
702 3496 760 3570 regi
775 3506 883 3562 nostro,
899 3493 1020 3570 psallite.
1064 3492 1207 3558 Quoniam
1228 3510 1280 3550 rex
1299 3571 1302 3589 .

61 3602 64 3607 '
88 3594 264 3655 ,omnisonae
276 3592 389 3653 Deu8.’'
411 3599 506 3656 Eioaw
517 3594 808 3662 Xprcromeoadprrtoa·
833 3589 1029 3671 dosdpddsosdv
1045 3586 1196 3658 dautem-⁶
1223 3587 1282 3646 ‘Et
1347 3613 1352 3621 =

104 3682 247 3751 ursano
263 3672 451 3768 nonagesimo
472 3700 572 3748 octavo
594 3688 747 3764 exprobrat
768 3685 849 3742 vobis
871 3684 995 3760 Spiritus
1016 3695 1142 3750 sanctus,
1157 3692 1187 3740 et
1205 3685 1282 3743 hunc

104 3797 171 3850 luem
181 3807 237 3847 non
248 3789 333 3847 vultis
349 3806 445 3866 regern
456 3805 531 3855 esse,
541 3804 638 3862 regem
651 3793 679 3841 et
693 3782 840 3840 dominum
855 3789 883 3837 et
899 3778 1053 3845 Samuelis,
1069 3787 1097 3835 et
1108 3779 1240 3845 daronis,
1254 3791 1282 3837 et

107 3874 188 3952 ldosis,
202 3895 230 3944 et
242 3887 363 3945 aliorum
378 3903 494 3962 prorsus
508 3884 636 3943 omnium
652 3899 716 3939 esse
730 3879 862 3937 declarat.
905 3878 979 3935 Sunt
992 3894 1060 3935 vero
1074 3876 1183 3936 Psalmi
1198 3877 1282 3934 verba

353 4061 395 4126 (l)
415 4059 489 4124 Apol.
501 4058 551 4108 in.
563 4059 604 4106 23.
615 4073 640 4122 p.
654 4057 710 4106 154.

354 4145 396 4210 (2)
416 4143 489 4208 Apol.
500 4142 525 4191 ii.
536 4157 562 4191 n.
575 4143 599 4189 6.
606 4157 631 4205 p.
642 4142 700 4189 244.

348 4229 390 4293 (8)
410 4227 475 4276 Dial.
487 4242 551 4276 cum.
563 4224 658 4288 Tryplr.
669 4239 694 4272 n.
705 4225 748 4273 45.
759 4239 782 4288 p.
798 4225 855 4272 116.

351 4313 394 4378 (4)
416 4312 490 4376 Apol.
502 4312 518 4361 i.
529 4328 555 4361 n.
566 4309 607 4359 3³.
624 4326 648 4374 p.
663 4311 723 4359 168.

353 4397 396 4462 (5)
415 4397 480 4446 Dial.
490 4413 548 4448 eum
559 4395 702 4462 Tryphone,
711 4410 736 4443 n.
745 4395 785 4442 37.
795 4409 819 4458 p.
829 4395 869 4441 9⁷.

206 4480 280 4541 Vct..
297 4480 418 4539 11.-ra
