2744 5024
83 255 122 311 oo
204 208 218 231 '
473 251 530 311 nn
552 251 724 310 nonius
745 250 886 310 tarso.

83 408 176 475 candi,
191 407 236 466 vel
248 398 312 471 Clu
322 427 379 467 non
395 407 530 485 intelligis
541 408 617 466 illius
631 409 742 484 peccati
753 425 819 465 esse
833 426 960 484 prauam,
974 405 1052 481 quod
1066 407 1145 465 nulla
1156 402 1292 466 necessi

84 514 138 561 tate
152 504 338 562 commissum
354 503 443 562 est.”¹

77 602 82 607 '
126 602 192 657 170.
213 596 302 674 Reap.
325 600 503 676 Augustinus
514 599 594 657 liberi
607 599 712 656 arbitrii
722 598 838 655 nomine
852 596 1005 671 aliquando
1016 597 1193 673 intelligebat
1200 596 1291 657 tiber.

84 693 148 749 tatis
163 693 240 751 illam
255 695 470 770 perlectionem,
485 714 541 767 qua
557 695 686 751 voluntas
701 693 794 750 adhuc
809 695 926 769 integra,
942 693 1020 751 nullo
1040 693 1151 751 irretita
1164 688 1291 767 impedi

83 801 190 856 mento,
207 789 241 846 ad
266 791 358 848 Deum
379 791 461 848 facile
486 791 635 849 serebatur.
677 789 750 847 Illud
773 790 865 865 plorat
885 790 1044 847 amissum:
1073 799 1175 846 “cum
1194 789 1291 846 liber*

84 899 216 961 peccatur
231 888 356 956 arbitrio,
369 889 476 946 victore
491 902 608 964 peccato
622 888 761 945 amissum
775 898 820 944 est
833 886 954 944 liberum
968 885 1165 944 arbitrium.'’¹
1207 895 1227 922 ‘⁶
1236 882 1290 943 ti

84 984 182 1040 berum
203 985 348 1042 arbitrium
371 985 407 1042 ad
428 985 603 1062 diligendum
626 985 722 1044 Deum
746 984 830 1060 primi
853 984 961 1060 peccati
982 982 1140 1059 granditate
1162 979 1290 1057 perdidi

84 1078 196 1137 mus.’'¹
237 1080 339 1146 “Quis
361 1092 488 1138 nostrum
509 1080 582 1137 dicat
596 1079 672 1152 quod
694 1079 780 1154 primi
800 1078 927 1136 hominis
941 1088 1059 1154 peccato
1079 1078 1199 1154 perierit
1218 1077 1290 1135 tite

85 1193 147 1233 rum
162 1177 306 1234 arbitrium
321 1177 356 1234 de
370 1177 497 1234 humano
511 1178 638 1252 generet
679 1177 809 1233 Libertas
824 1175 939 1248 quidem
961 1175 1045 1250 periit
1058 1193 1109 1250 per
1124 1183 1289 1250 peceatum

84 1289 136 1328 seu
152 1271 209 1341 illa,
225 1291 287 1347 qnae
301 1274 330 1328 in
342 1271 473 1348 paradiso
487 1273 549 1340 fuit,
565 1273 686 1330 habendi
702 1273 815 1348 plenam
829 1290 895 1330 cum
910 1272 1120 1329 immortalitate
1132 1271 1289 1347 justitian·

85 1375 201 1442 propter
215 1367 290 1438 quod
302 1379 401 1424 natura
413 1368 538 1426 humana
551 1368 647 1425 divina
659 1368 768 1444 indiget
779 1368 867 1443 gratia
881 1367 993 1424 dicente
1006 1367 1150 1424 Domino:
1167 1377 1175 1402 ⁸
1190 1364 1271 1424 Sirio
1284 1404 1288 1413 ·

86 1456 185 1518 tttiaa
199 1460 378 1530 liberaverit,
394 1471 464 1521 tune
479 1482 546 1522 vero
566 1463 652 1540 liberi
666 1462 779 1520 trititr’
804 1465 900 1535 utique
915 1462 996 1520 liberi
1010 1461 1043 1518 ad
1058 1463 1132 1519 beno
1150 1463 1288 1538 justequ·

86 1555 286 1615 vivendum.”⁴
327 1559 493 1616 Necessitas
515 1573 662 1635 peccatum
678 1558 813 1625 habendi,
828 1558 864 1615 de
885 1577 941 1630 qua
954 1558 1134 1634 Augustinus
1150 1558 1288 1630 loquitur·

80 1659 147 1707 orta
160 1669 197 1708 ex
219 1662 336 1728 peccato
357 1652 437 1720 Adae,
452 1664 496 1710 est
516 1654 578 1729 ipsa
599 1673 675 1711 noxa
695 1651 881 1719 haereditaria,
898 1672 961 1725 quae
975 1653 1061 1709 etiam
1084 1653 1288 1710 necessitatem

87 1744 228 1816 quandam
243 1748 390 1814 moralem,
406 1767 505 1824 vagam
529 1747 688 1821 quidemst
709 1746 966 1813 indeterminatam,
982 1748 1011 1804 in
1032 1747 1147 1821 culpam
1163 1748 1287 1819 aliquam

87 1840 232 1900 incidendi
255 1863 353 1902 secum
376 1844 439 1902 sert.
482 1843 626 1903 Ceterum
649 1843 808 1918 saepissime
823 1841 905 1909 dixit,
922 1851 1003 1900 “nos
1025 1861 1085 1900 non
1104 1844 1287 1901 necessitate

87 1936 138 1993 sed
153 1938 296 1995 voluntate
308 1938 473 2015 peccare.'’⁵
498 1938 571 1995 Illud
586 1938 662 2009 quod
673 1949 769 1994 contra
783 1938 970 1994 Fortunatam
982 1937 1180 1994 Maniobaeum
1192 1937 1287 2012 disprt

88 2045 149 2090 tans
166 2035 248 2101 dixit,
263 2054 317 2092 uos
336 2035 398 2091 Ada
413 2045 548 2109 peccante
563 2036 591 2090 in
608 2036 806 2091 necessitatem
819 2024 1021 2111 praecipilatos,
1033 2035 1156 2093 illustrat
1169 2055 1286 2095 consue·

88 2129 305 2205 tudinis-pravae
321 2130 465 2205 exemplo;
480 2129 540 2185 haec
555 2131 664 2186 scilicet
684 2131 771 2186 libere
783 2131 967 2197 contrahitur,
981 2130 1032 2188 sed
1047 2132 1104 2188 vim
1123 2133 1283 2203 quamdam

87 2243 152 2294 quac
175 2225 355 2280 necessitatis
378 2225 467 2282 instar
487 2236 540 2290 est,
567 2244 666 2283 secum
689 2227 752 2284 lert.
794 2227 949 2303 Subjungit
970 2227 1076 2286 idcirco
1101 2231 1197 2287 statim
1225 2249 1286 2305 pos

89 2319 174 2375 rerba
185 2318 316 2393 objecta:
341 2329 360 2354 ‘⁶
375 2320 474 2376 Potest
488 2330 580 2378 autent
605 2322 801 2394 unusquisque
817 2334 955 2390 nostrum,
972 2321 1109 2381 mediocri
1127 2310 1285 2382 considera

89 2414 177 2479 tione,
193 2414 320 2471 invenire
344 2433 441 2471 verum
456 2434 520 2472 esse
536 2416 611 2488 quod
634 2417 709 2474 dico.
751 2409 847 2473 Hodie
863 2434 987 2489 namque
1007 2418 1039 2474 in
1052 2420 1158 2476 nostris
1174 2421 1284 2478 actioni

89 2507 153 2572 bns,
164 2521 314 2581 antequam
327 2509 533 2567 consuetudine
545 2512 639 2582 aliqua
654 2512 842 2586 implicemur,
855 2511 976 2569 liberum
991 2512 1128 2570 babemus
1144 2516 1285 2573 arbitrium

90 2603 209 2661 faciendi
226 2606 345 2678 aliquid,
361 2608 403 2664 vel
420 2627 476 2664 nou
492 2608 623 2665 faciendi.
667 2608 742 2664 Cum
757 2620 849 2664 autem
866 2609 920 2666 ista
933 2610 1059 2667 libertate
1075 2612 1230 2669 fecerimus
1243 2613 1284 2670 ali·

90 2697 169 2768 quid,
183 2715 210 2756 et
225 2700 289 2757 sacti
305 2703 395 2777 ipsius
407 2707 527 2759 tenuerit
541 2705 667 2760 animum
680 2702 839 2777 perniciosa
853 2702 974 2761 dulcedo
988 2715 1017 2761 et
1030 2705 1173 2780 voluptas,
1189 2707 1284 2767 eaden

91 2797 153 2870 ipsa
168 2799 373 2856 consuetudine
389 2800 431 2855 sic
453 2800 623 2875 implicatur,
639 2815 669 2856 ut
692 2811 791 2875 postea
812 2800 925 2858 vincere
945 2821 1002 2859 non
1018 2804 1119 2878 possit,
1135 2804 1215 2876 quod
1236 2807 1284 2863 sibz

91 2893 153 2967 ipsa
169 2894 313 2968 peccando
328 2896 461 2952 fabricata
475 2895 566 2952 est.”⁰

134 2995 200 3048 171.
227 2989 292 3067 Obj.
308 2994 336 3045 4.
360 2991 458 3046 Homo
473 2991 570 3063 lapsus
584 2992 686 3047 innatas
708 2991 855 3067 cupiditati
871 2995 1032 3066 obsequens
1048 2996 1207 3054 voluntarie
1223 2998 1283 3074 agit

91 3086 212 3156 ideoque
226 3086 324 3151 libere,
340 3086 471 3155 quamvis
485 3106 543 3144 non
558 3088 649 3143 valeat
663 3088 814 3145 voluntatis
830 3089 1017 3150 delectionem
1032 3093 1177 3152 cohibere.

52 3186 67 3211 '·
134 3185 198 3237 172.
222 3180 310 3255 Reap.
334 3182 389 3246 Qui
405 3181 551 3256 cupiditati
567 3184 733 3255 obsequitur
749 3186 904 3243 voluntarie
919 3198 948 3244 et
961 3188 1049 3245 libere
1063 3190 1143 3264 agit;
1165 3189 1217 3247 sed
1233 3208 1283 3248 nor

91 3275 156 3331 ideo
181 3275 280 3341 libere,
296 3276 362 3346 quia
384 3276 534 3333 voluntatis
556 3296 743 3351 quecumque
765 3280 915 3339 delectatio
934 3284 1064 3350 sentitur,
1088 3303 1155 3342 nam
1177 3288 1202 3342 si
1224 3305 1282 3345 con

92 3389 210 3428 sensum
225 3371 364 3446 denegare
378 3373 453 3430 baud
469 3373 618 3449 potuisset,
634 3375 721 3432 libere
737 3396 793 3434 nou
808 3388 920 3454 ageret:
942 3380 1054 3437 libertas
1070 3381 1178 3457 quippe
1193 3383 1282 3442 volun

92 3467 156 3523 tatis
166 3466 347 3534 electionem,
360 3480 388 3525 et
402 3467 559 3526 dominium
573 3471 617 3526 sui
632 3484 710 3528 aetus
725 3473 824 3547 exigit.
865 3475 1004 3531 Accusate
1016 3475 1185 3545 Nemeeius,
1198 3478 1282 3552 Syrttt

92 3562 197 3619 sacculo
211 3575 310 3635 quarto
325 3577 447 3622 exeunte
463 3565 593 3641 scriptor,
609 3566 822 3625 animadvertit:
846 3568 1002 3634 “Quodsi
1022 3572 1160 3644 appetitio
1176 3591 1281 3646 quoqut

92 3659 261 3715 necessitate
276 3659 414 3729 sequitur,
429 3659 476 3717 ubi
492 3659 605 3716 tandem
619 3661 741 3718 liberum
756 3663 809 3718 erit
829 3664 995 3721 arbitrium?
1036 3665 1152 3723 Etenim
1168 3667 1281 3727 liberun

93 3754 130 3809 sit
144 3763 255 3828 oportet
269 3753 346 3826 quod
366 3755 412 3812 sui
427 3755 502 3832 juris
523 3767 567 3814 est
581 3758 736 3816 arbitrium.
776 3757 866 3815 Esset
886 3768 979 3816 autem
1000 3760 1131 3829 liberum,
1146 3762 1173 3819 si
1187 3764 1280 3823 iisden

93 3850 350 3920 circumstantibus,
371 3853 401 3909 in
422 3862 518 3911 nostra
539 3865 617 3912 esset
636 3865 775 3931 potestate
797 3855 948 3928 aliquando
973 3866 1116 3934 appetere,
1139 3859 1280 3933 aliquandi

326 4045 363 4102 (1)
381 4040 411 4091 L.
425 4045 447 4100 l,
458 4057 498 4105 op.
506 4043 600 4107 imperf.
611 4059 633 4092 e.
647 4046 703 4092 105.

326 4128 364 4184 (2)
383 4125 415 4173 In
427 4123 509 4173 Encb.
520 4141 541 4174 c.
553 4126 594 4174 30.

327 4210 364 4268 (3)
382 4207 413 4256 In
423 4206 472 4272 Ep.
481 4208 512 4256 sd
520 4208 635 4268 Vitalem,
646 4212 706 4270 217,
719 4227 741 4260 c.
752 4213 776 4262 4.

327 4291 364 4351 (4)
382 4289 412 4338 L.
427 4292 448 4349 1,
460 4299 545 4341 contra
556 4291 617 4342 duas
628 4294 697 4358 epist.
709 4297 790 4358 Polam
801 4312 823 4347 o.
835 4300 859 4347 2.

328 4377 365 4436 (5)
383 4373 413 4424 1..
425 4377 449 4436 8,
460 4375 490 4424 ds
501 4376 541 4425 lib.
554 4378 603 4428 arb.
614 4395 636 4428 c.
648 4382 671 4427 ³.

329 4458 371 4524 (6)
391 4456 461 4524 Disp.
472 4457 504 4508 11.
515 4467 600 4510 ooutm
609 4461 773 4514 Fortunatam
783 4462 893 4515 Martiali.
905 4479 930 4515 n.
942 4468 985 4516 22.
