2744 5024
80 252 121 309 ot
433 246 493 308 DE
512 244 714 308 incuruo
734 244 935 306 oelclms.

81 404 160 466 ιιιῐιιι
174 405 203 464 in
223 403 316 465 Adam
330 421 432 464 οιιιιιει
447 403 619 472 moriuntur,
631 403 671 461 ita
683 413 713 461 ct
724 403 755 461 iu
777 401 899 460 christo
912 416 1015 461 mnes
1028 397 1247 458 rinbcabum

83 511 175 561 uun
190 500 266 575 quud
280 501 310 560 in
325 500 475 559 Christum
488 498 632 558 credimus
646 498 756 556 auferre
767 495 926 556 ιιιι)1“ιιιιι.”ι

124 600 191 655 1311.
216 593 284 675 Obj.
301 601 348 654 1⁰.
371 595 513 654 Abhorret
531 594 568 652 ab
580 595 660 652 omni
674 593 861 651 humanitatis
872 610 959 651 semu
973 601 1005 650 ut
1018 599 1111 651 tutum
1126 590 1259 649 hunniam

80 709 185 772 prius,
199 710 260 752 unc
271 690 334 751 Ada
348 701 494 768 peccante,
510 690 674 749 damnatum
688 699 847 747 censeatur.

124 791 191 848 lar.
212 787 301 865 Reap.
323 787 431 845 latiori
442 803 529 844 seusu
544 784 689 842 damnatio
702 795 746 841 est
757 782 805 841 illa
818 783 939 840 humaui
948 781 1061 858 generis
1075 777 1213 846 conditio,
1227 794 1259 850 qr

84 881 169 942 dunis
183 882 444 960 supernaturalibus
459 881 611 957 spoliatum
627 889 681 950 est,
695 889 724 936 et
737 879 835 956 glorio
849 878 971 936 caelestis
986 874 1116 936 fruendae
1128 892 1191 950 spe.
1230 871 1259 930 N

83 979 126 1038 hil
139 998 193 1038 nus
208 979 287 1057 cogit
299 989 330 1037 ut
343 989 473 1056 ροειειεε
487 976 558 1036 Aua
578 976 615 1035 ob
629 976 745 1033 unicum
762 975 831 1033 illud
851 983 1001 1050 peccatum
1016 971 1172 1048 suppliciis
1183 969 1259 1027 iniec

84 1094 148 1135 rum
163 1075 330 1134 cruciandos
344 1075 553 1133 existimanus.
595 1072 710 1130 Rationi
725 1084 818 1151 autern
831 1083 980 1129 cerrenus
993 1078 1145 1149 repugnat,
1159 1077 1191 1123 ut
1204 1065 1259 1123 llos

55 1220 58 1227 .
83 1170 196 1231 homiui
209 1171 307 1228 rebelli
328 1168 405 1226 dona
417 1169 503 1244 gratis
525 1186 665 1225 concessa
683 1166 831 1233 subducat,
847 1167 971 1242 ejusque
988 1177 1120 1240 posteros
1135 1163 1170 1220 iis
1189 1178 1259 1219 cerer

85 1264 166 1332 velit,
180 1283 244 1337 quae
259 1264 337 1322 nullo
352 1283 405 1321 suo
422 1264 488 1339 jure
502 1273 620 1338 possent
632 1262 688 1319 sni
704 1261 860 1319 vindicare.
899 1261 1042 1320 Caeterum
1059 1257 1168 1330 siquid
1183 1255 1254 1314 duru

85 1359 174 1418 nimis
195 1377 232 1418 ex
253 1361 362 1436 peccati
376 1360 493 1436 originis
508 1359 639 1436 dogmate
660 1360 742 1432 sequi
765 1357 902 1424 videatur,
912 1356 1022 1432 judicia
1036 1354 1092 1412 Dei
1118 1371 1200 1426 aequa
1220 1368 1259 1408 aar

88 1454 260 1514 credendum
281 1466 336 1523 εει,
350 1466 487 1533 gratoque
507 1456 604 1514 animo
625 1454 785 1514 remedium
806 1453 982 1525 donumque,
997 1451 1025 1508 in
1042 1449 1161 1508 Christo
1182 1447 1259 1506 oblat

87 1560 156 1610 suut
168 1552 351 1628 excipienda.
1212 1560 1219 1567 ·

130 1653 197 1707 138.
208 1648 213 1658 ’
224 1648 289 1728 obj.
308 1655 354 1706 ll.
377 1650 409 1707 si
424 1669 574 1708 nascamur
596 1657 711 1725 peccato
722 1649 873 1720 inquinati,
889 1646 967 1720 quud
980 1645 1142 1703 nullatenus
1156 1663 1172 1700 a
1192 1650 1259 1700 nost

88 1744 196 1821 pendet
217 1745 372 1814 voluntate,
386 1746 467 1803 Deus
483 1744 559 1802 durae
581 1745 657 1802 illius
679 1742 852 1801 conditionis
873 1753 971 1798 auctor
992 1737 1140 1798 habendus
1154 1737 1259 1811 crium

88 1840 142 1899 filii
155 1860 256 1898 sumus
271 1841 330 1909 ire,
347 1841 451 1899 divinae
465 1841 567 1899 ultioni
581 1840 727 1899 011ιο1111.ι
1240 1820 1256 1835 ”

132 1941 198 1994 139.
221 1935 310 2012 Resp.
330 1938 411 1995 Deus
433 1948 540 1994 natura
554 1945 598 1992 est
619 1944 732 1991 auctor:
756 1932 834 2004 quod
847 1943 942 1990 autern
961 1933 1024 1988 haec
1037 1931 1102 1988 labe
1122 1926 1259 2005 peccatii

90 2032 232 2104 quinetur,
243 2030 313 2087 Adue
325 2031 410 2105 culpa
423 2031 551 2104 contigit,
564 2047 622 2085 nun
634 2027 692 2084 Dei
705 2028 836 2085 decretu:
853 2029 882 2085 in
896 2046 961 2084 eam
971 2026 1080 2084 scilicet
1094 2024 1257 2081 conditione

88 2125 153 2202 ipse
167 2126 264 2200 lapsus
278 2124 308 2181 in
322 2142 409 2180 cauea
422 2123 484 2190 suit,
501 2142 550 2180 eur
569 2126 677 2198 posteri
689 2124 752 2201 ejus
767 2125 793 2180 ei
815 2125 1003 2200 subjacerent.
1047 2116 1259 2178 Ordinationed

89 2221 156 2278 vina
169 2218 334 2289 aequissima
347 2218 453 2277 iactum
466 2227 519 2283 est,
535 2228 566 2274 ut
580 2219 666 2277 totius
678 2219 792 2297 generis
808 2219 926 2276 humani
946 2236 1007 2274 sors
1024 2217 1093 2274 felix
1108 2214 1154 2272 vel
1168 2215 1257 2272 inians

62 2318 65 2323 ’
90 2332 127 2372 cx
142 2311 304 2371 obedientia
316 2312 388 2370 Adae
402 2312 557 2389 penderet:
572 2333 625 2372 nec
646 2300 802 2395 cumillis
814 2314 1026 2389 denegabantur
1039 2312 1144 2379 debita,
1159 2309 1211 2367 sed
1223 2328 1259 2383 qu

92 2408 179 2485 gratis
193 2424 331 2465 concessa
345 2418 421 2476 sunt,
435 2427 473 2465 ex
487 2427 601 2467 summa
620 2404 758 2469 nonanus·
772 2410 977 2467 munificentia.
1019 2408 1086 2465 Filii
1101 2407 1218 2480 quidem
1239 2407 1259 2464 ir

89 2505 244 2570 nascimur,
261 2503 296 2560 iis
310 2502 393 2561 donis
409 2505 534 2580 spoliati,
550 2523 614 2577 quae
628 2505 695 2563 filiis
717 2504 876 2562 dilectionis
891 2522 1094 2562 concessurum
1111 2523 1143 2560 se
1158 2503 1259 2560 decren

89 2609 133 2658 rat
145 2600 230 2658 Pater
241 2600 404 2657 beneficus:
420 2601 471 2657 sed
484 2619 548 2658 nun
557 2608 667 2657 constat
681 2601 819 2656 rdtiuneru
834 2601 959 2672 aliquem
973 2618 1023 2656 εοε
1039 2617 1156 2655 manere
1176 2598 1226 2670 qui
1240 2596 1259 2654 d

92 2696 232 2754 cesserint
246 2695 308 2752 solo
322 2695 439 2771 peccatu
453 2695 573 2772 originis
587 2695 745 2752 maculati.a

131 2797 198 2851 ltu.
226 2792 291 2871 ocj.
311 2797 358 2850 12.
381 2793 543 2850 Absurdurn
559 2802 604 2849 est
624 2793 756 2850 homines
771 2809 835 2848 reos
856 2791 945 2847 teneri
959 2791 996 2847 ob
1012 2790 1081 2849 Adae
1096 2790 1210 2865 culpam
1226 2807 1259 2846 an

94 2907 147 2946 rex
162 2889 592 2946 11111111τιιιιιοιιιιιιει1ιιιίεεειιιι.4
632 2888 757 2954 Quodsi
778 2887 906 2943 dicantur
921 2886 990 2943 alies
1005 2886 1057 2952 rei,
1068 2905 1156 2958 quam
1171 2903 1237 2944 rere
1257 2911 1259 2939 t

33 2980 36 2988 ’
90 2984 215 3058 proprie,
231 2981 343 3046 frustra,
360 2982 418 3036 imo
433 2982 591 3055 perniciose
606 2999 663 3038 vox
677 2981 726 3037 illa
747 2980 904 3038 adhibetur.

134 3078 202 3130 111.
222 3073 311 3148 Retp.
333 3074 520 3130 Manifestum
542 3085 586 3131 est
600 3074 753 3132 discrimen
768 3076 841 3132 inter
855 3086 962 3132 reatum
989 3075 1098 3150 peccati
1120 3073 1259 3149 personali

79 3174 199 3239 *ertum
215 3184 272 3236 quo
288 3166 351 3236 quis
366 3167 474 3222 ratione
494 3168 612 3241 originis
628 3179 748 3225 tenetur.
790 3169 884 3226 Verus
907 3180 999 3226 tamen
1016 3178 1059 3224 est
1080 3181 1210 3239 uterque,
1225 3187 1259 3225 na

92 3263 189 3321 anima
210 3259 388 3316 hereditaria
410 3278 486 3316 noxa
506 3260 637 3317 adstricta
652 3263 716 3319 Deo
737 3272 782 3320 est
801 3270 922 3330 mortua,
937 3265 1015 3321 ornni
1033 3264 1097 3339 jure
1113 3264 1148 3320 ad
1172 3282 1259 3340 regnu

91 3357 205 3418 caeleate
220 3373 329 3412 carens.
372 3355 549 3431 Hujusmudi
562 3368 670 3415 reatum
685 3358 812 3415 contrahi
827 3361 860 3415 ab
876 3360 910 3415 iis
926 3361 974 3432 qui
993 3338 1259 3435 ρειεεειι1οτιι111ιε

92 3454 164 3511 riern
179 3453 213 3509 ab
228 3450 291 3508 Ada
305 3463 468 3521 nascuntur,
483 3453 636 3512 absurdum
651 3474 708 3512 nun
730 3463 794 3521 est;
813 3456 956 3512 nascendo
971 3458 1046 3512 enirn
1062 3456 1134 3512 inter
1148 3455 1217 3532 njus
1227 3475 1259 3532 pc

92 3559 168 3607 terus
182 3556 375 3616 recensentur,
390 3567 467 3605 noxa
480 3549 592 3629 ¹idcirco
613 3551 729 3625 gravati,
745 3568 829 3620 quarn
845 3551 918 3625 ipsc,
934 3562 1018 3625 caput
1032 3551 1144 3625 generis
1161 3551 1259 3610 hurnar

93 3645 233 3703 admisit⁵
273 3643 357 3710 Quod
372 3645 397 3700 si
412 3645 476 3717 quis
491 3645 558 3702 velit
567 3644 659 3703 labeni
674 3646 747 3703 hanc
760 3647 877 3722 originis
890 3666 957 3704 cum
971 3648 1034 3704 labe
1049 3649 1158 3722 peccati
1174 3667 1259 3723 pereo

129 3840 166 3901 (1)
185 3835 250 3899 hug.
262 3843 346 3887 contra
356 3837 448 3888 Julian.
460 3840 476 3890 l.
490 3842 512 3888 1.
523 3855 549 3888 n.
561 3844 601 3888 22.

130 3922 173 3985 (2)
193 3920 322 3970 Unituriun
336 3923 493 3987 Miscelluny,
504 3924 560 3972 Vol.
573 3923 592 3982 1,
604 3939 626 3986 p.
640 3924 695 3972 154.

126 4007 163 4067 (3)
182 4002 251 4053 Duru
261 4003 303 4052 illa
320 4006 408 4068 placita
417 4005 610 4069 Presbyterinnis
622 4004 769 4055 arriserunt:
781 4014 795 4038 “
803 4009 845 4057 All
856 4007 983 4064 mankind,
993 4008 1024 4070 by
1035 4008 1098 4056 their
1107 4006 1157 4066 sall,
1170 4009 1218 4060 lost
1228 4025 1259 4060 cu

94 4089 199 4139 municn
209 4088 270 4137 with
281 4088 345 4147 Gud,
356 4105 396 4136 are
407 4090 485 4137 under
495 4090 535 4138 his
546 4089 624 4137 wruth
635 4089 683 4138 und
695 4105 773 4150 curse,
783 4093 831 4142 und
843 4110 870 4142 so
887 4093 958 4142 made
969 4093 1040 4141 hable
1051 4100 1076 4141 tc
1088 4094 1119 4142 all
1131 4094 1174 4143 the
1185 4097 1259 4145 miser

95 4174 124 4222 of
131 4171 180 4222 this
191 4172 240 4230 life,
252 4178 277 4220 to
288 4171 360 4221 death
372 4172 443 4231 itsell’,
454 4172 502 4222 aud
511 4180 540 4222 to
548 4172 590 4221 the
601 4172 671 4236 paine
683 4176 711 4222 cf
718 4174 767 4224 hell
784 4177 822 4226 fur
834 4176 913 4226 cver.''
948 4175 1099 4240 Aerembly's
1111 4177 1259 4230 saoneres

95 4257 983 4315 chism,2‚19..

131 4341 174 4405 (4)
193 4338 322 4388 Unitariun
333 4338 485 4403 Miscelluny.
496 4356 520 4404 p.
534 4341 590 4389 163.

129 4425 193 4485 (ὁ)
194 4421 275 4472 ‘Thst
293 4423 355 4472 their
371 4422 496 4472 condition
516 4439 573 4489 may
585 4424 723 4479 besffected
733 4430 765 4494 by
777 4427 819 4479 thc
833 4427 940 4478 conduct
950 4429 981 4479 ot
992 4387 1080 4490 Adam,
1092 4427 1138 4478 has
1148 4396 1259 4513 ndu

94 4509 116 4560 it
126 4505 264 4573 impossible
275 4524 302 4558 or
313 4508 503 4559 unreaecuabls?
504 4508 647 4562 '—Ibidena
