2744 5024
410 285 468 348 nn
491 284 649 346 cuiun
667 278 962 343 surncmnrs.
1220 278 1279 379 aas
1307 232 1319 316 ἰ

80 457 130 518 ora
139 442 236 518 gratiae
250 441 378 501 subsidia
391 461 448 501 uon
463 444 596 500 omnibus
611 449 763 517 suppetere
777 437 955 503 hominibus,
967 451 1035 492 nsnr
1044 439 1118 491 tute
1131 432 1277 492 Asturius

79 538 253 605 -nsassouttn
278 556 334 596 nec
347 539 504 614 refragante
519 538 697 612 Gauzanige,
719 544 739 579 ‘t
749 533 915 591 communis
931 530 1072 588 sententia
1095 538 1140 586 est
1159 529 1232 585 inter
1244 528 1277 585 S.

77 633 203 691 ‘l'ltomss
215 634 375 710 discipulos
396 676 404 693 .
428 675 436 691 .
460 675 467 690 .
488 654 505 691 a
520 634 583 692 Deo
598 632 733 708 denegari
746 630 900 695 obduratis,
913 639 943 685 et
955 627 1117 693 excaecatis,
1132 632 1168 682 ae'
1179 622 1278 682 infide·

34 720 38 729 ’
79 727 218 800 11111ηυί
233 729 308 786 nihil
318 746 446 801 unquam
459 729 495 786 de
510 728 567 784 fide
581 728 740 793 audierunt,
755 726 841 782 etiam
855 722 1155 788 sufficientemente,
1175 720 1278 793 quibus
1359 780 1362 788 Ι

79 825 206 882 converti
220 837 270 882 ant
283 825 398 882 credere
412 824 570 901 possint.'’¹
591 822 868 898 Augustiniancnses
888 821 919 876 in
933 818 1033 877 sedem
1048 828 1115 877 sunt
1128 816 1278 883 sententia,

82 919 239 983 Molinistze
253 931 283 978 et
297 921 478 997 (longruistre
493 921 626 978 omnibus
648 929 676 976 et
689 919 811 994 singulis
835 915 943 974 sedari
963 916 1136 982 existimant,
1158 932 1217 972 nou
1241 912 1281 970 its

77 1022 176 1072 tmen
190 1026 222 1072 ut
233 1016 313 1093 leges
328 1029 432 1075 neturoe
448 1019 492 1075 vel
506 1018 646 1095 generalis
661 1016 845 1093 providentiae
865 1014 935 1074 ordo
947 1013 1088 1073 mutandae
1095 1015 1167 1080 sint,
1178 1024 1210 1071 nt
1223 1013 1279 1071 sin-

80 1110 156 1186 gulis
170 1113 359 1187 applicentur.
397 1114 451 1170 Sic
466 1115 575 1190 parvuli
588 1115 618 1171 in
633 1125 713 1171 utero
728 1112 843 1189 plurimi
858 1112 1026 1178 moriuntur,
1038 1111 1083 1168 vel
1095 1109 1173 1186 apud
1182 1125 1280 1186 peren·

79 1219 123 1263 tes
137 1208 282 1273 infideles,
298 1193 409 1282 absque
419 1201 553 1285 baptismi
568 1210 706 1267 remedio.

121 1307 189 1359 tos.
212 1303 343 1379 Benigne
357 1304 392 1362 de
407 1305 472 1362 Deo
486 1307 592 1362 sentire
609 1306 700 1381 juvat,
716 1303 839 1377 ideoque
851 1305 947 1362 mitior
960 1304 1044 1361 nobis
1055 1301 1159 1360 arridet
1170 1304 1282 1359 senten

77 1397 127 1466 tis,
136 1397 265 1455 maxime
275 1399 342 1470 quia
354 1399 502 1457 Christum
515 1418 567 1475 pre
579 1399 708 1456 omnium
720 1399 810 1456 salute
822 1397 931 1455 fudisse
940 1392 1109 1473 sanguinem
1119 1395 1280 1459 credimusr

80 1501 110 1547 et
129 1491 244 1549 “Deus
259 1485 360 1550 omries
376 1495 507 1550 homines
522 1494 581 1550 vult
601 1493 695 1550 salvos
709 1493 781 1560 fieri,
808 1493 885 1550 etad
910 1493 1082 1568 agnitionem
1098 1491 1221 1548 veritatis
1234 1506 1283 1546 re·
1336 1528 1362 1567 ·.

80 1587 190 1645 nire.”¹
221 1588 311 1664 igitur
324 1607 389 1646 cum
405 1588 496 1648 Paulo
511 1588 626 1654 Oresio,
639 1589 790 1665 Augustini
805 1588 958 1664 discipulo,
970 1606 1121 1646 censemus
1143 1585 1282 1644 “nemini

82 1680 234 1738 hominum
250 1681 351 1740 deesse
366 1683 538 1760 adjutorium
553 1684 619 1750 Dei,
633 1683 790 1759 presertim
801 1702 868 1740 cum
879 1693 908 1742 et
918 1683 1051 1741 seductor
1064 1684 1159 1750 instet,
1175 1694 1204 1739 et
1216 1681 1286 1738 insit

83 1775 285 1833 iufirmitas.''⁸
692 1790 703 1798 “
1023 1822 1026 1828 .
1152 1854 1153 1857 ¹

125 1877 194 1930 160.
219 1882 238 1911 ‘⁴
251 1874 338 1932 Nunc
352 1875 382 1932 in
396 1877 532 1933 extremis
555 1874 653 1933 mundi
668 1873 828 1949 partibus,”
841 1871 1049 1941 ,animadvertit
1062 1880 1159 1929 auctor
1172 1871 1236 1930 libri
1248 1871 1284 1929 de

82 1970 234 2026 vocatione
252 1972 390 2046 gentium;
413 1980 433 2007 ‘⁸
445 1981 512 2028 sunt
526 1972 626 2043 aliquae
643 1971 783 2036 nationes,
799 1969 901 2041 quibus
916 1968 1042 2026 nondum
1057 1969 1145 2045 gratia
1159 1967 1285 2025 Salvato-

80 2064 154 2120 toris
165 2064 322 2122 illuxit..
345 2066 477 2138 .quibus
493 2076 588 2123 tamen
602 2066 650 2122 illa
664 2084 798 2123 mensura
813 2064 952 2140 generalis
966 2064 1076 2131 auxilii,
1087 2082 1151 2136 quae
1163 2062 1286 2140 desuper

80 2157 218 2214 omnibns
233 2176 347 2234 semper
360 2159 524 2217 hominibus
540 2171 583 2216 est
597 2161 723 2235 piaebita,
735 2178 793 2216 non
808 2159 947 2235 negatur!
951 2159 974 2193 '⁴
1014 2158 1058 2216 De
1070 2160 1201 2235 gentibus
1214 2176 1286 2231 qnos

53 2238 58 2242 ’
82 2253 166 2309 Deus
179 2236 259 2310 olim
265 2243 424 2326 dereliquit,
439 2254 556 2312 dicit:‘
561 2265 737 2328 ‘numquam
751 2265 819 2312 sunt
832 2255 990 2313 manifestis
1005 2256 1182 2329 occultisque
1202 2256 1286 2314 bene·

80 2347 161 2404 ficiis
175 2347 314 2406 abdicati.
316 2348 340 2384 '⁶
379 2349 525 2422 Equidem
541 2353 699 2425 proscripta
713 2353 802 2408 estab
818 2351 981 2409 Alexandro
995 2350 1078 2410 Vlll'.
1098 2352 1170 2410 haec
1185 2369 1287 2428 propo·

81 2442 171 2498 sitio:
193 2451 214 2479 ‘⁶
225 2440 349 2519 Pagani,
359 2443 463 2512 Judsei,
480 2444 618 2514 Heretici,
634 2446 738 2519 aliique
754 2446 838 2522 huJ‘us
853 2447 976 2522 generis,
990 2447 1099 2505 nullum
1113 2447 1232 2505 omnino
1244 2465 1288 2504 ac·

81 2539 197 2610 cipiunt
210 2558 227 2595 a
239 2538 312 2597 Jesu
327 2539 448 2599 Christo
459 2541 619 2599 indutum:
642 2542 772 2614 adeoque
788 2543 855 2598 hinc
870 2557 946 2599 reete
960 2543 1076 2609 inseres,
1101 2544 1132 2600 in
1152 2543 1209 2600 illis
1224 2560 1287 2600 esse

77 2634 262 2691 -solnntatem
277 2633 382 2692 nudam
397 2648 425 2693 et
440 2637 578 2694 inermem
593 2638 655 2692 sine
670 2638 749 2692 omni
763 2637 851 2712 gratia
865 2636 1072 2693 sufficiente.”⁸
1345 2716 1349 2720 ἡ

128 2733 197 2788 161.
220 2729 253 2786 ld
267 2741 361 2788 eutem
376 2731 668 2797 animadvertendum,
683 2750 732 2787 eos
747 2732 797 2803 qui
812 2730 918 2788 nnllam
933 2731 1090 2789 habuerunt
1101 2749 1227 2804 unquam
1241 2750 1288 2790 oc·
1314 2729 1315 2732 ’

85 2824 235 2881 ostionem
251 2826 383 2883 veritates
398 2828 536 2884 revelatas
552 2821 754 2902 cognoscendi,
779 2826 857 2883 nulla
870 2825 975 2883 idcirco
990 2827 1074 2902 culpa
1087 2826 1187 2895 teneri,
1204 2828 1289 2904 juxte

85 2918 158 2977 illud
173 2919 302 2977 Glnisti:
326 2921 390 2977 “Si
406 2932 463 2978 non
478 2923 632 2988 venissem,
655 2934 683 2977 et
697 2922 808 2978 locutus
834 2920 953 2977 inissem
979 2921 1032 2989 eis,
1058 2930 1207 2997 peceatum
1229 2940 1287 2980 non

85 3014 271 3082 haberent.''⁷
311 3017 417 3074 Merito
432 3017 516 3094 igitur
536 3017 667 3074 damnata
682 3028 726 3075 est
740 3017 805 3092 Baji
826 3017 985 3093 propositio
1014 3027 1034 3054 “
1046 3017 1203 3076 Infidelitas
1217 3036 1288 3094 pure

87 3111 223 3186 negativa
237 3109 326 3167 in'lris
341 3111 445 3183 quibus
460 3111 593 3168 Christus
609 3131 666 3169 non
681 3121 726 3168 est
739 3111 918 3187 praedicatus,
934 3121 1083 3189 peccatum
1097 3113 1186 3172 est.”⁸
1217 3113 1289 3172 Gra-

85 3205 133 3260 tiee
149 3215 244 3261 entem
260 3204 430 3281 adjutorium
445 3207 481 3265 iis
493 3209 622 3282 proeberi,
637 3216 669 3264 nt
681 3216 795 3265 servent
808 3208 901 3283 legem
916 3210 1082 3277 naturalem,
1095 3227 1193 3268 eornm
1210 3227 1289 3268 men-

85 3301 165 3357 tibus
179 3300 362 3377 insculptam,
375 3320 433 3360 non
447 3302 559 3360 videtur
571 3302 775 3362 dubitandum:
798 3322 854 3376 qua
868 3305 970 3363 violata
985 3324 1049 3365 reos
1069 3325 1101 3364 se
1115 3307 1291 3370 constituunt

87 3405 212 3452 eternae
226 3397 310 3453 morti
323 3397 515 3455 obnoxios:
517 3398 718 3470 Quicumque
738 3399 816 3456 enim
830 3400 892 3456 sine
913 3401 977 3476 lege
1002 3413 1201 3478 peccaverunt,
1227 3403 1289 3462 siue

82 3491 154 3567 lege
170 3491 333 3601 peribunt!
337 3495 384 3530 ⁸

50 3703 54 3709 .
121 3661 670 3732 (1)Diss.i.dsdir.motionequ...8ert9.
696 3663 1290 3755 VideatiamGaesepigamdeGsatisp.i.diss.

90 3761 113 3793 u.
124 3742 201 3797 mii.
215 3747 289 3811 Prop.
300 3763 324 3795 v.

124 3832 162 3890 (²)
180 3829 202 3879 I.
213 3829 282 3881 'Pim-
292 3831 353 3881 itt.

126 3917 162 3974 (3)
180 3914 254 3979 Apol.
265 3931 316 3980 pro.
326 3916 367 3964 lib.
379 3918 428 3966 urb.

127 3998 162 4059 (t)
180 3997 210 4046 L.
221 3998 247 4047 ii.
259 4015 280 4047 o.
292 3999 352 4048 xvii.

128 4083 163 4136 to)
181 4083 218 4132 lln
229 4098 250 4131 c.
262 4083 295 4132 iv.

129 4169 163 4227 (6)
181 4169 253 4232 Prop.
265 4185 289 4217 v.
300 4183 340 4218 ex.
350 4168 432 4219 damn.
444 4173 469 4220 7.
479 4168 540 4221 Dec·
552 4170 627 4220 lton

130 4252 164 4310 (7)
183 4250 359 4300 duanam.
673 4271 676 4276 ·

132 4325 166 4393 (θ’)
183 4333 257 4398 Prop.
268 4334 347 4385 lxvtt’n

132 4416 166 4473 ill
182 4417 254 4468 Rom.
265 4414 291 4467 ii.
305 4421 345 4470 tu,
357 4417 359 4422 '
