<?xml version="1.0" encoding="UTF-8"?>
<!DOCTYPE html PUBLIC "-//W3C//DTD XHTML 1.0 Transitional//EN"
    "http://www.w3.org/TR/xhtml1/DTD/xhtml1-transitional.dtd">
<html xmlns="http://www.w3.org/1999/xhtml" xml:lang="en" lang="en">
 <head>
  <title>
</title>
<meta http-equiv="Content-Type" content="text/html;charset=utf-8" />
  <meta name='ocr-system' content='tesseract 3.04.00' />
  <meta name='ocr-capabilities' content='ocr_page ocr_carea ocr_par ocr_line ocrx_word'/>
</head>
<body>
  <div class='ocr_page' id='page_1' title='image "./theologidogmati01kenrgoog_0095.png"; bbox 0 0 2744 5024; ppageno 0'>
   <div class='ocr_carea' id='block_1_1' title="bbox 79 246 857 319">
    <p class='ocr_par' dir='ltr' id='par_1_1' title="bbox 79 246 857 319">
     <span class='ocr_line' id='line_1_1' title="bbox 79 246 857 319; baseline -0.006 -2"><span class='ocrx_word' id='word_1_1' title='bbox 79 258 121 319; x_wconf 70' lang='lat' dir='ltr'>ld</span> <span class='ocrx_word' id='word_1_2' title='bbox 499 250 558 314; x_wconf 73' lang='lat' dir='ltr'>DE</span> <span class='ocrx_word' id='word_1_3' title='bbox 578 246 857 314; x_wconf 64' lang='lat' dir='ltr'>neuotttuuu.</span> 
     </span>
    </p>
   </div>
   <div class='ocr_carea' id='block_1_2' title="bbox 77 404 1280 593">
    <p class='ocr_par' dir='ltr' id='par_1_2' title="bbox 77 404 1280 593">
     <span class='ocr_line' id='line_1_2' title="bbox 78 404 1280 479; baseline -0.007 -6"><span class='ocrx_word' id='word_1_4' title='bbox 78 410 201 473; x_wconf 77' lang='lat' dir='ltr'>adremo</span> <span class='ocrx_word' id='word_1_5' title='bbox 213 409 337 471; x_wconf 73' lang='lat' dir='ltr'>marein</span> <span class='ocrx_word' id='word_1_6' title='bbox 350 409 400 479; x_wconf 85' lang='lat' dir='ltr'>sit,</span> <span class='ocrx_word' id='word_1_7' title='bbox 412 418 444 469; x_wconf 89' lang='lat' dir='ltr'>et</span> <span class='ocrx_word' id='word_1_8' title='bbox 455 409 578 470; x_wconf 77' lang='lat' dir='ltr'>vineolis</span> <span class='ocrx_word' id='word_1_9' title='bbox 600 408 689 469; x_wconf 89' lang='lat' dir='ltr'>reluti</span> <span class='ocrx_word' id='word_1_10' title='bbox 698 406 852 470; x_wconf 78' lang='lat' dir='ltr'>adsnictsa</span> <span class='ocrx_word' id='word_1_11' title='bbox 873 418 989 469; x_wconf 75' lang='lat' dir='ltr'>sstmrs</span> <span class='ocrx_word' id='word_1_12' title='bbox 1000 406 1082 467; x_wconf 82' lang='lat' dir='ltr'>eninr</span> <span class='ocrx_word' id='word_1_13' title='bbox 1098 404 1184 467; x_wconf 85' lang='lat' dir='ltr'>mllle</span> <span class='ocrx_word' id='word_1_14' title='bbox 1197 416 1280 465; x_wconf 77' lang='lat' dir='ltr'>anum</span> 
     </span>
     <span class='ocr_line' id='line_1_3' title="bbox 77 500 1280 593; baseline -0.002 -28"><span class='ocrx_word' id='word_1_15' title='bbox 77 506 181 585; x_wconf 73' lang='lat' dir='ltr'>lipstus</span> <span class='ocrx_word' id='word_1_16' title='bbox 191 507 222 593; x_wconf 84' lang='lat' dir='ltr'>io</span> <span class='ocrx_word' id='word_1_17' title='bbox 233 506 412 584; x_wconf 76' lang='lat' dir='ltr'>Apocalypsi</span> <span class='ocrx_word' id='word_1_18' title='bbox 423 504 558 565; x_wconf 79' lang='lat' dir='ltr'>dicimr.²·</span> <span class='ocrx_word' id='word_1_19' title='bbox 578 505 724 565; x_wconf 80' lang='lat' dir='ltr'>Ceterum</span> <span class='ocrx_word' id='word_1_20' title='bbox 735 516 842 565; x_wconf 89' lang='lat' dir='ltr'>temere</span> <span class='ocrx_word' id='word_1_21' title='bbox 853 515 959 582; x_wconf 76' lang='lat' dir='ltr'>negant</span> <span class='ocrx_word' id='word_1_22' title='bbox 972 500 1175 563; x_wconf 71' lang='lat' dir='ltr'>Rmmnaliste</span> <span class='ocrx_word' id='word_1_23' title='bbox 1185 510 1280 563; x_wconf 63' lang='lat' dir='ltr'>one·</span> 
     </span>
    </p>
   </div>
   <div class='ocr_carea' id='block_1_3' title="bbox 23 596 1280 4046">
    <p class='ocr_par' dir='ltr' id='par_1_3' title="bbox 43 596 1280 2690">
     <span class='ocr_line' id='line_1_4' title="bbox 76 596 1280 682; baseline -0.006 -20"><span class='ocrx_word' id='word_1_24' title='bbox 76 603 243 682; x_wconf 89' lang='lat' dir='ltr'>posterioris</span> <span class='ocrx_word' id='word_1_25' title='bbox 258 604 348 662; x_wconf 81' lang='lat' dir='ltr'>etatis</span> <span class='ocrx_word' id='word_1_26' title='bbox 362 602 558 670; x_wconf 68' lang='lat' dir='ltr'>obsessiones,</span> <span class='ocrx_word' id='word_1_27' title='bbox 568 620 658 676; x_wconf 87' lang='lat' dir='ltr'>quum</span> <span class='ocrx_word' id='word_1_28' title='bbox 673 621 711 661; x_wconf 84' lang='lat' dir='ltr'>ex</span> <span class='ocrx_word' id='word_1_29' title='bbox 724 601 837 670; x_wconf 76' lang='lat' dir='ltr'>irenei,</span> <span class='ocrx_word' id='word_1_30' title='bbox 851 601 1033 669; x_wconf 77' lang='lat' dir='ltr'>Tertulliani,</span> <span class='ocrx_word' id='word_1_31' title='bbox 1044 596 1204 677; x_wconf 84' lang='lat' dir='ltr'>Cypriani,</span> <span class='ocrx_word' id='word_1_32' title='bbox 1218 596 1280 655; x_wconf 82' lang='lat' dir='ltr'>alio·</span> 
     </span>
     <span class='ocr_line' id='line_1_5' title="bbox 76 696 1278 776; baseline -0.006 -18"><span class='ocrx_word' id='word_1_33' title='bbox 76 717 211 773; x_wconf 81' lang='lat' dir='ltr'>rumque,</span> <span class='ocrx_word' id='word_1_34' title='bbox 227 699 309 759; x_wconf 87' lang='lat' dir='ltr'>omui</span> <span class='ocrx_word' id='word_1_35' title='bbox 323 699 495 776; x_wconf 75' lang='lat' dir='ltr'>exceptione</span> <span class='ocrx_word' id='word_1_36' title='bbox 510 699 662 776; x_wconf 85' lang='lat' dir='ltr'>majorum,</span> <span class='ocrx_word' id='word_1_37' title='bbox 676 699 854 758; x_wconf 86' lang='lat' dir='ltr'>testimoniis.</span> <span class='ocrx_word' id='word_1_38' title='bbox 861 698 999 776; x_wconf 84' lang='lat' dir='ltr'>plurimrs</span> <span class='ocrx_word' id='word_1_39' title='bbox 1012 696 1147 761; x_wconf 77' lang='lat' dir='ltr'>extitisse</span> <span class='ocrx_word' id='word_1_40' title='bbox 1163 703 1278 752; x_wconf 73' lang='lat' dir='ltr'>consut-</span> 
     </span>
     <span class='ocr_line' id='line_1_6' title="bbox 77 793 1276 871; baseline -0.004 -17"><span class='ocrx_word' id='word_1_41' title='bbox 77 794 163 863; x_wconf 83' lang='lat' dir='ltr'>Quod</span> <span class='ocrx_word' id='word_1_42' title='bbox 177 805 272 860; x_wconf 85' lang='lat' dir='ltr'>sutem</span> <span class='ocrx_word' id='word_1_43' title='bbox 287 807 352 854; x_wconf 81' lang='lat' dir='ltr'>ante</span> <span class='ocrx_word' id='word_1_44' title='bbox 367 794 477 855; x_wconf 79' lang='lat' dir='ltr'>Christi</span> <span class='ocrx_word' id='word_1_45' title='bbox 492 806 603 853; x_wconf 70' lang='lat' dir='ltr'>mutem</span> <span class='ocrx_word' id='word_1_46' title='bbox 618 793 803 854; x_wconf 73' lang='lat' dir='ltr'>demoniacae</span> <span class='ocrx_word' id='word_1_47' title='bbox 819 793 1024 871; x_wconf 86' lang='lat' dir='ltr'>possessiones</span> <span class='ocrx_word' id='word_1_48' title='bbox 1045 793 1214 865; x_wconf 79' lang='lat' dir='ltr'>frequentes</span> <span class='ocrx_word' id='word_1_49' title='bbox 1224 804 1276 849; x_wconf 89' lang='lat' dir='ltr'>nott</span> 
     </span>
     <span class='ocr_line' id='line_1_7' title="bbox 77 886 1272 968; baseline -0.006 -17"><span class='ocrx_word' id='word_1_50' title='bbox 77 902 241 958; x_wconf 85' lang='lat' dir='ltr'>noscantur,</span> <span class='ocrx_word' id='word_1_51' title='bbox 255 909 313 950; x_wconf 81' lang='lat' dir='ltr'>non</span> <span class='ocrx_word' id='word_1_52' title='bbox 327 889 418 949; x_wconf 84' lang='lat' dir='ltr'>officit</span> <span class='ocrx_word' id='word_1_53' title='bbox 437 890 568 951; x_wconf 86' lang='lat' dir='ltr'>relationi</span> <span class='ocrx_word' id='word_1_54' title='bbox 591 890 788 968; x_wconf 77' lang='lat' dir='ltr'>Evangelicro,</span> <span class='ocrx_word' id='word_1_55' title='bbox 803 908 893 964; x_wconf 87' lang='lat' dir='ltr'>quum</span> <span class='ocrx_word' id='word_1_56' title='bbox 918 887 1023 947; x_wconf 78' lang='lat' dir='ltr'>divine</span> <span class='ocrx_word' id='word_1_57' title='bbox 1043 886 1195 964; x_wconf 79' lang='lat' dir='ltr'>sapientie</span> <span class='ocrx_word' id='word_1_58' title='bbox 1214 903 1272 944; x_wconf 88' lang='lat' dir='ltr'>eos·</span> 
     </span>
     <span class='ocr_line' id='line_1_8' title="bbox 78 980 1268 1064; baseline -0.006 -19"><span class='ocrx_word' id='word_1_59' title='bbox 78 997 193 1064; x_wconf 67' lang='lat' dir='ltr'>meret</span> <span class='ocrx_word' id='word_1_60' title='bbox 204 987 297 1047; x_wconf 83' lang='lat' dir='ltr'>sinere</span> <span class='ocrx_word' id='word_1_61' title='bbox 309 998 341 1045; x_wconf 94' lang='lat' dir='ltr'>ut</span> <span class='ocrx_word' id='word_1_62' title='bbox 351 987 477 1064; x_wconf 81' lang='lat' dir='ltr'>majores</span> <span class='ocrx_word' id='word_1_63' title='bbox 490 987 593 1046; x_wconf 84' lang='lat' dir='ltr'>fierent</span> <span class='ocrx_word' id='word_1_64' title='bbox 605 985 768 1045; x_wconf 79' lang='lat' dir='ltr'>damonum</span> <span class='ocrx_word' id='word_1_65' title='bbox 783 996 911 1053; x_wconf 77' lang='lat' dir='ltr'>moetus,</span> <span class='ocrx_word' id='word_1_66' title='bbox 923 984 959 1043; x_wconf 85' lang='lat' dir='ltr'>ad</span> <span class='ocrx_word' id='word_1_67' title='bbox 975 984 1159 1043; x_wconf 77' lang='lat' dir='ltr'>illustriorem</span> <span class='ocrx_word' id='word_1_68' title='bbox 1173 980 1268 1039; x_wconf 81' lang='lat' dir='ltr'>Christi</span> 
     </span>
     <span class='ocr_line' id='line_1_9' title="bbox 79 1077 1228 1159; baseline -0.003 -18"><span class='ocrx_word' id='word_1_69' title='bbox 79 1082 257 1159; x_wconf 90' lang='lat' dir='ltr'>triumphum</span> <span class='ocrx_word' id='word_1_70' title='bbox 269 1102 278 1141; x_wconf 77' lang='lat' dir='ltr'>r</span> <span class='ocrx_word' id='word_1_71' title='bbox 300 1092 320 1120; x_wconf 78' lang='lat'>‘⁸</span> <span class='ocrx_word' id='word_1_72' title='bbox 330 1082 365 1141; x_wconf 88' lang='lat' dir='ltr'>ln</span> <span class='ocrx_word' id='word_1_73' title='bbox 378 1082 435 1141; x_wconf 90' lang='lat' dir='ltr'>hoc</span> <span class='ocrx_word' id='word_1_74' title='bbox 447 1083 579 1159; x_wconf 82' lang='lat' dir='ltr'>apparuit</span> <span class='ocrx_word' id='word_1_75' title='bbox 593 1081 685 1140; x_wconf 84' lang='lat' dir='ltr'>Filius</span> <span class='ocrx_word' id='word_1_76' title='bbox 700 1081 767 1150; x_wconf 90' lang='lat' dir='ltr'>Dei,</span> <span class='ocrx_word' id='word_1_77' title='bbox 782 1091 813 1140; x_wconf 87' lang='lat' dir='ltr'>ut</span> <span class='ocrx_word' id='word_1_78' title='bbox 826 1080 963 1140; x_wconf 87' lang='lat' dir='ltr'>dissolvat</span> <span class='ocrx_word' id='word_1_79' title='bbox 979 1098 1068 1156; x_wconf 88' lang='lat' dir='ltr'>opera</span> <span class='ocrx_word' id='word_1_80' title='bbox 1081 1077 1228 1137; x_wconf 74' lang='lat' dir='ltr'>‹liubol&#39;u”¹</span> 
     </span>
     <span class='ocr_line' id='line_1_10' title="bbox 89 1171 1265 1255; baseline -0.005 -17"><span class='ocrx_word' id='word_1_81' title='bbox 89 1240 93 1247; x_wconf 76' lang='grc'><strong>,</strong></span> <span class='ocrx_word' id='word_1_82' title='bbox 119 1183 189 1238; x_wconf 74' lang='lat'>21³.</span> <span class='ocrx_word' id='word_1_83' title='bbox 210 1179 281 1238; x_wconf 89' lang='lat' dir='ltr'>Non</span> <span class='ocrx_word' id='word_1_84' title='bbox 301 1197 421 1255; x_wconf 85' lang='lat' dir='ltr'>corpora</span> <span class='ocrx_word' id='word_1_85' title='bbox 442 1188 549 1237; x_wconf 83' lang='lat' dir='ltr'>tantum</span> <span class='ocrx_word' id='word_1_86' title='bbox 573 1171 715 1247; x_wconf 88' lang='lat' dir='ltr'>obsidere,</span> <span class='ocrx_word' id='word_1_87' title='bbox 729 1178 782 1237; x_wconf 89' lang='lat' dir='ltr'>sed</span> <span class='ocrx_word' id='word_1_88' title='bbox 803 1179 951 1236; x_wconf 79' lang='lat' dir='ltr'>animabus</span> <span class='ocrx_word' id='word_1_89' title='bbox 976 1176 1108 1235; x_wconf 81' lang='lat' dir='ltr'>insidiari</span> <span class='ocrx_word' id='word_1_90' title='bbox 1130 1173 1265 1233; x_wconf 77' lang='lat' dir='ltr'>consuerit</span> 
     </span>
     <span class='ocr_line' id='line_1_11' title="bbox 79 1272 1263 1353; baseline -0.004 -20"><span class='ocrx_word' id='word_1_91' title='bbox 79 1272 204 1353; x_wconf 78' lang='lat' dir='ltr'>demon,</span> <span class='ocrx_word' id='word_1_92' title='bbox 218 1283 247 1332; x_wconf 89' lang='lat' dir='ltr'>et</span> <span class='ocrx_word' id='word_1_93' title='bbox 260 1273 376 1347; x_wconf 88' lang='lat' dir='ltr'>quidem</span> <span class='ocrx_word' id='word_1_94' title='bbox 390 1274 475 1351; x_wconf 78' lang='lat' dir='ltr'>longe</span> <span class='ocrx_word' id='word_1_95' title='bbox 488 1273 677 1347; x_wconf 77' lang='lat' dir='ltr'>frequentius,</span> <span class='ocrx_word' id='word_1_96' title='bbox 693 1284 721 1332; x_wconf 87' lang='lat' dir='ltr'>et</span> <span class='ocrx_word' id='word_1_97' title='bbox 733 1275 835 1351; x_wconf 87' lang='lat' dir='ltr'>mojori</span> <span class='ocrx_word' id='word_1_98' title='bbox 847 1275 938 1333; x_wconf 82' lang='lat' dir='ltr'>nostri</span> <span class='ocrx_word' id='word_1_99' title='bbox 951 1273 1135 1332; x_wconf 87' lang='lat' dir='ltr'>detrimento.</span> <span class='ocrx_word' id='word_1_100' title='bbox 1174 1272 1263 1329; x_wconf 67' lang='lat' dir='ltr'>&#39;leon</span> 
     </span>
     <span class='ocr_line' id='line_1_12' title="bbox 79 1367 1262 1449; baseline -0.003 -22"><span class='ocrx_word' id='word_1_101' title='bbox 79 1370 172 1449; x_wconf 75' lang='lat' dir='ltr'>dones</span> <span class='ocrx_word' id='word_1_102' title='bbox 186 1371 249 1446; x_wconf 87' lang='lat' dir='ltr'>ejus</span> <span class='ocrx_word' id='word_1_103' title='bbox 269 1370 338 1446; x_wconf 78' lang='lat' dir='ltr'>regri</span> <span class='ocrx_word' id='word_1_104' title='bbox 358 1370 447 1428; x_wconf 86' lang='lat' dir='ltr'>animi</span> <span class='ocrx_word' id='word_1_105' title='bbox 471 1369 585 1449; x_wconf 76' lang='lat' dir='ltr'>somnis</span> <span class='ocrx_word' id='word_1_106' title='bbox 604 1369 709 1428; x_wconf 86' lang='lat' dir='ltr'>habant</span> <span class='ocrx_word' id='word_1_107' title='bbox 733 1370 938 1436; x_wconf 81' lang='lat' dir='ltr'>Rationalista,</span> <span class='ocrx_word' id='word_1_108' title='bbox 954 1369 994 1426; x_wconf 91' lang='lat' dir='ltr'>oil</span> <span class='ocrx_word' id='word_1_109' title='bbox 1014 1368 1131 1427; x_wconf 88' lang='lat' dir='ltr'>eredere</span> <span class='ocrx_word' id='word_1_110' title='bbox 1151 1367 1262 1425; x_wconf 80' lang='lat' dir='ltr'>volenes</span> 
     </span>
     <span class='ocr_line' id='line_1_13' title="bbox 44 1464 1259 1543; baseline -0.004 -19"><span class='ocrx_word' id='word_1_111' title='bbox 44 1492 51 1501; x_wconf 92' lang='lat'><strong>·</strong></span> <span class='ocrx_word' id='word_1_112' title='bbox 79 1475 183 1543; x_wconf 79' lang='lat' dir='ltr'>preter</span> <span class='ocrx_word' id='word_1_113' title='bbox 195 1464 223 1524; x_wconf 89' lang='lat' dir='ltr'>id</span> <span class='ocrx_word' id='word_1_114' title='bbox 236 1464 313 1539; x_wconf 91' lang='lat' dir='ltr'>quod</span> <span class='ocrx_word' id='word_1_115' title='bbox 328 1465 419 1523; x_wconf 90' lang='lat' dir='ltr'>oculis</span> <span class='ocrx_word' id='word_1_116' title='bbox 434 1466 571 1542; x_wconf 87' lang='lat' dir='ltr'>subjacet,</span> <span class='ocrx_word' id='word_1_117' title='bbox 585 1476 615 1524; x_wconf 91' lang='lat' dir='ltr'>et</span> <span class='ocrx_word' id='word_1_118' title='bbox 627 1484 723 1524; x_wconf 90' lang='lat' dir='ltr'>rerum</span> <span class='ocrx_word' id='word_1_119' title='bbox 743 1467 869 1524; x_wconf 90' lang='lat' dir='ltr'>noscitur</span> <span class='ocrx_word' id='word_1_120' title='bbox 883 1465 1094 1542; x_wconf 87' lang='lat' dir='ltr'>experimento.</span> <span class='ocrx_word' id='word_1_121' title='bbox 1137 1464 1259 1521; x_wconf 81' lang='lat' dir='ltr'>Ceterum</span> 
     </span>
     <span class='ocr_line' id='line_1_14' title="bbox 80 1559 1259 1640; baseline -0.004 -20"><span class='ocrx_word' id='word_1_122' title='bbox 80 1563 235 1639; x_wconf 72' lang='lat' dir='ltr'>Scriptum</span> <span class='ocrx_word' id='word_1_123' title='bbox 259 1563 409 1620; x_wconf 79' lang='lat' dir='ltr'>manifesto</span> <span class='ocrx_word' id='word_1_124' title='bbox 423 1579 476 1620; x_wconf 91' lang='lat' dir='ltr'>nos</span> <span class='ocrx_word' id='word_1_125' title='bbox 491 1561 594 1621; x_wconf 87' lang='lat' dir='ltr'>docent</span> <span class='ocrx_word' id='word_1_126' title='bbox 615 1574 741 1621; x_wconf 73' lang='lat' dir='ltr'>sennam</span> <span class='ocrx_word' id='word_1_127' title='bbox 757 1563 842 1621; x_wconf 89' lang='lat' dir='ltr'>corda</span> <span class='ocrx_word' id='word_1_128' title='bbox 856 1561 981 1640; x_wconf 78' lang='lat' dir='ltr'>aggredi,</span> <span class='ocrx_word' id='word_1_129' title='bbox 997 1572 1028 1620; x_wconf 88' lang='lat' dir='ltr'>ut</span> <span class='ocrx_word' id='word_1_130' title='bbox 1049 1562 1085 1620; x_wconf 85' lang='lat' dir='ltr'>ad</span> <span class='ocrx_word' id='word_1_131' title='bbox 1106 1559 1259 1638; x_wconf 87' lang='lat' dir='ltr'>peccandum</span> 
     </span>
     <span class='ocr_line' id='line_1_15' title="bbox 80 1640 1262 1734; baseline 0.001 -16"><span class='ocrx_word' id='word_1_132' title='bbox 80 1677 135 1719; x_wconf 87' lang='lat' dir='ltr'>nos</span> <span class='ocrx_word' id='word_1_133' title='bbox 156 1658 273 1717; x_wconf 87' lang='lat' dir='ltr'>illiciat:</span> <span class='ocrx_word' id='word_1_134' title='bbox 296 1657 448 1731; x_wconf 85' lang='lat' dir='ltr'>aliquando</span> <span class='ocrx_word' id='word_1_135' title='bbox 471 1656 586 1731; x_wconf 88' lang='lat' dir='ltr'>quidem</span> <span class='ocrx_word' id='word_1_136' title='bbox 611 1660 753 1734; x_wconf 88' lang='lat' dir='ltr'>serpentis</span> <span class='ocrx_word' id='word_1_137' title='bbox 776 1660 875 1727; x_wconf 88' lang='lat' dir='ltr'>instar,</span> <span class='ocrx_word' id='word_1_138' title='bbox 894 1659 1075 1716; x_wconf 84' lang='lat' dir='ltr'>insidiantem</span> <span class='ocrx_word' id='word_1_139' title='bbox 1097 1640 1129 1716; x_wconf 81' lang='lat' dir='ltr'>ut</span> <span class='ocrx_word' id='word_1_140' title='bbox 1145 1655 1262 1719; x_wconf 61' lang='lat' dir='ltr'>mordetis</span> 
     </span>
     <span class='ocr_line' id='line_1_16' title="bbox 81 1753 1262 1832; baseline -0.008 -17"><span class='ocrx_word' id='word_1_141' title='bbox 81 1754 235 1829; x_wconf 82' lang='lat' dir='ltr'>aliquando</span> <span class='ocrx_word' id='word_1_142' title='bbox 258 1754 349 1813; x_wconf 90' lang='lat' dir='ltr'>leonis</span> <span class='ocrx_word' id='word_1_143' title='bbox 373 1755 523 1832; x_wconf 78' lang='lat' dir='ltr'>rugientis,</span> <span class='ocrx_word' id='word_1_144' title='bbox 545 1755 574 1812; x_wconf 86' lang='lat' dir='ltr'>ri</span> <span class='ocrx_word' id='word_1_145' title='bbox 593 1764 623 1812; x_wconf 90' lang='lat' dir='ltr'>et</span> <span class='ocrx_word' id='word_1_146' title='bbox 646 1755 774 1832; x_wconf 88' lang='lat' dir='ltr'>potentia</span> <span class='ocrx_word' id='word_1_147' title='bbox 796 1754 921 1812; x_wconf 88' lang='lat' dir='ltr'>hostium</span> <span class='ocrx_word' id='word_1_148' title='bbox 947 1753 1161 1811; x_wconf 78' lang='lat' dir='ltr'>manifestorum</span> <span class='ocrx_word' id='word_1_149' title='bbox 1184 1768 1262 1810; x_wconf 85' lang='lat' dir='ltr'>usum.</span> 
     </span>
     <span class='ocr_line' id='line_1_17' title="bbox 82 1846 1266 1930; baseline -0.008 -18"><span class='ocrx_word' id='word_1_150' title='bbox 82 1851 163 1912; x_wconf 85' lang='lat' dir='ltr'>Hinc</span> <span class='ocrx_word' id='word_1_151' title='bbox 176 1852 333 1930; x_wconf 75' lang='lat' dir='ltr'>Apostolus</span> <span class='ocrx_word' id='word_1_152' title='bbox 354 1851 495 1910; x_wconf 77' lang='lat' dir='ltr'>bortadtr:</span> <span class='ocrx_word' id='word_1_153' title='bbox 518 1860 539 1888; x_wconf 89' lang='grc'>“</span> <span class='ocrx_word' id='word_1_154' title='bbox 551 1850 665 1912; x_wconf 84' lang='lat' dir='ltr'>induite</span> <span class='ocrx_word' id='word_1_155' title='bbox 679 1870 730 1908; x_wconf 87' lang='lat' dir='ltr'>vos</span> <span class='ocrx_word' id='word_1_156' title='bbox 754 1846 921 1908; x_wconf 78' lang='lat' dir='ltr'>arroattiram</span> <span class='ocrx_word' id='word_1_157' title='bbox 938 1850 1005 1916; x_wconf 91' lang='lat' dir='ltr'>Dei,</span> <span class='ocrx_word' id='word_1_158' title='bbox 1021 1864 1051 1908; x_wconf 91' lang='lat' dir='ltr'>ut</span> <span class='ocrx_word' id='word_1_159' title='bbox 1078 1851 1193 1925; x_wconf 89' lang='lat' dir='ltr'>possitis</span> <span class='ocrx_word' id='word_1_160' title='bbox 1204 1861 1266 1904; x_wconf 86' lang='lat' dir='ltr'>sure</span> 
     </span>
     <span class='ocr_line' id='line_1_18' title="bbox 80 1945 1265 2013; baseline -0.006 -7"><span class='ocrx_word' id='word_1_161' title='bbox 80 1947 217 2007; x_wconf 84' lang='lat' dir='ltr'>adversus</span> <span class='ocrx_word' id='word_1_162' title='bbox 231 1947 351 2005; x_wconf 85' lang='lat' dir='ltr'>insidias</span> <span class='ocrx_word' id='word_1_163' title='bbox 365 1945 481 2004; x_wconf 87' lang='lat' dir='ltr'>diaboli.</span> <span class='ocrx_word' id='word_1_164' title='bbox 514 1946 657 2013; x_wconf 87' lang='lat' dir='ltr'>Quoniam</span> <span class='ocrx_word' id='word_1_165' title='bbox 672 1965 730 2005; x_wconf 90' lang='lat' dir='ltr'>non</span> <span class='ocrx_word' id='word_1_166' title='bbox 744 1958 788 2004; x_wconf 86' lang='lat' dir='ltr'>est</span> <span class='ocrx_word' id='word_1_167' title='bbox 802 1947 883 2004; x_wconf 88' lang='lat' dir='ltr'>nobis</span> <span class='ocrx_word' id='word_1_168' title='bbox 898 1946 1059 2002; x_wconf 84' lang='lat' dir='ltr'>colluctatio</span> <span class='ocrx_word' id='word_1_169' title='bbox 1072 1945 1205 2007; x_wconf 87' lang='lat' dir='ltr'>adversus</span> <span class='ocrx_word' id='word_1_170' title='bbox 1216 1959 1265 1999; x_wconf 64' lang='lat' dir='ltr'>car*</span> 
     </span>
     <span class='ocr_line' id='line_1_19' title="bbox 45 2031 1268 2117; baseline -0.012 -15"><span class='ocrx_word' id='word_1_171' title='bbox 45 2108 52 2117; x_wconf 55' lang='lat'>,</span> <span class='ocrx_word' id='word_1_172' title='bbox 80 2060 149 2103; x_wconf 87' lang='lat' dir='ltr'>nem</span> <span class='ocrx_word' id='word_1_173' title='bbox 163 2052 192 2100; x_wconf 86' lang='lat' dir='ltr'>et</span> <span class='ocrx_word' id='word_1_174' title='bbox 204 2041 384 2116; x_wconf 67' lang='lat' dir='ltr'>sanguinent,</span> <span class='ocrx_word' id='word_1_175' title='bbox 396 2039 448 2096; x_wconf 84' lang='lat' dir='ltr'>sed</span> <span class='ocrx_word' id='word_1_176' title='bbox 464 2038 599 2096; x_wconf 83' lang='lat' dir='ltr'>adversus</span> <span class='ocrx_word' id='word_1_177' title='bbox 624 2041 769 2116; x_wconf 89' lang='lat' dir='ltr'>principes</span> <span class='ocrx_word' id='word_1_178' title='bbox 789 2051 818 2098; x_wconf 92' lang='lat' dir='ltr'>et</span> <span class='ocrx_word' id='word_1_179' title='bbox 840 2049 1006 2115; x_wconf 88' lang='lat' dir='ltr'>potestates,</span> <span class='ocrx_word' id='word_1_180' title='bbox 1022 2039 1160 2096; x_wconf 86' lang='lat' dir='ltr'>adversus</span> <span class='ocrx_word' id='word_1_181' title='bbox 1182 2031 1268 2095; x_wconf 87' lang='lat' dir='ltr'>mundi</span> 
     </span>
     <span class='ocr_line' id='line_1_20' title="bbox 80 2129 1271 2211; baseline -0.004 -16"><span class='ocrx_word' id='word_1_182' title='bbox 80 2146 206 2195; x_wconf 86' lang='lat' dir='ltr'>rectores</span> <span class='ocrx_word' id='word_1_183' title='bbox 230 2135 407 2192; x_wconf 88' lang='lat' dir='ltr'>tenebrarum</span> <span class='ocrx_word' id='word_1_184' title='bbox 430 2134 541 2200; x_wconf 85' lang='lat' dir='ltr'>harum,</span> <span class='ocrx_word' id='word_1_185' title='bbox 557 2144 654 2193; x_wconf 88' lang='lat' dir='ltr'>contra</span> <span class='ocrx_word' id='word_1_186' title='bbox 679 2137 836 2211; x_wconf 82' lang='lat' dir='ltr'>spiritualia</span> <span class='ocrx_word' id='word_1_187' title='bbox 862 2137 995 2208; x_wconf 78' lang='lat' dir='ltr'>nequitie</span> <span class='ocrx_word' id='word_1_188' title='bbox 1020 2137 1049 2193; x_wconf 90' lang='lat' dir='ltr'>in</span> <span class='ocrx_word' id='word_1_189' title='bbox 1079 2129 1271 2201; x_wconf 48' lang='lat' dir='ltr'>caelestibus?⁸</span> 
     </span>
     <span class='ocr_line' id='line_1_21' title="bbox 82 2229 1272 2306; baseline -0.005 -18"><span class='ocrx_word' id='word_1_190' title='bbox 82 2231 148 2297; x_wconf 89' lang='lat' dir='ltr'>Qua</span> <span class='ocrx_word' id='word_1_191' title='bbox 157 2239 251 2287; x_wconf 87' lang='lat' dir='ltr'>autem</span> <span class='ocrx_word' id='word_1_192' title='bbox 265 2229 373 2285; x_wconf 87' lang='lat' dir='ltr'>ratione</span> <span class='ocrx_word' id='word_1_193' title='bbox 385 2246 438 2285; x_wconf 87' lang='lat' dir='ltr'>noe</span> <span class='ocrx_word' id='word_1_194' title='bbox 453 2237 561 2286; x_wconf 88' lang='lat' dir='ltr'>tentent</span> <span class='ocrx_word' id='word_1_195' title='bbox 574 2249 631 2287; x_wconf 91' lang='lat' dir='ltr'>non</span> <span class='ocrx_word' id='word_1_196' title='bbox 646 2241 690 2287; x_wconf 88' lang='lat' dir='ltr'>est</span> <span class='ocrx_word' id='word_1_197' title='bbox 703 2230 785 2289; x_wconf 86' lang='lat' dir='ltr'>facile</span> <span class='ocrx_word' id='word_1_198' title='bbox 800 2232 955 2306; x_wconf 82' lang='lat' dir='ltr'>explicatu,</span> <span class='ocrx_word' id='word_1_199' title='bbox 970 2250 1060 2303; x_wconf 90' lang='lat' dir='ltr'>quum</span> <span class='ocrx_word' id='word_1_200' title='bbox 1076 2231 1190 2287; x_wconf 87' lang='lat' dir='ltr'>illorum</span> <span class='ocrx_word' id='word_1_201' title='bbox 1206 2229 1272 2284; x_wconf 76' lang='lat' dir='ltr'>vtes</span> 
     </span>
     <span class='ocr_line' id='line_1_22' title="bbox 81 2323 1270 2402; baseline -0.006 -16"><span class='ocrx_word' id='word_1_202' title='bbox 81 2343 140 2386; x_wconf 88' lang='lat' dir='ltr'>nott</span> <span class='ocrx_word' id='word_1_203' title='bbox 154 2323 330 2391; x_wconf 85' lang='lat' dir='ltr'>noverimus,</span> <span class='ocrx_word' id='word_1_204' title='bbox 345 2341 477 2396; x_wconf 79' lang='lat' dir='ltr'>necque</span> <span class='ocrx_word' id='word_1_205' title='bbox 491 2324 659 2400; x_wconf 86' lang='lat' dir='ltr'>sitspiritus</span> <span class='ocrx_word' id='word_1_206' title='bbox 673 2326 836 2402; x_wconf 80' lang='lat' dir='ltr'>incorporei</span> <span class='ocrx_word' id='word_1_207' title='bbox 851 2329 880 2385; x_wconf 90' lang='lat' dir='ltr'>in</span> <span class='ocrx_word' id='word_1_208' title='bbox 896 2328 1028 2402; x_wconf 87' lang='lat' dir='ltr'>spiritum</span> <span class='ocrx_word' id='word_1_209' title='bbox 1051 2345 1172 2402; x_wconf 86' lang='lat' dir='ltr'>corpore</span> <span class='ocrx_word' id='word_1_210' title='bbox 1193 2323 1270 2382; x_wconf 80' lang='lat' dir='ltr'>iociu·</span> 
     </span>
     <span class='ocr_line' id='line_1_23' title="bbox 43 2419 1264 2500; baseline -0.004 -20"><span class='ocrx_word' id='word_1_211' title='bbox 43 2468 50 2487; x_wconf 75' lang='grc'>,</span> <span class='ocrx_word' id='word_1_212' title='bbox 81 2441 146 2482; x_wconf 85' lang='lat' dir='ltr'>sum</span> <span class='ocrx_word' id='word_1_213' title='bbox 160 2420 299 2480; x_wconf 83' lang='lat' dir='ltr'>influxus.</span> <span class='ocrx_word' id='word_1_214' title='bbox 340 2419 484 2485; x_wconf 84' lang='lat' dir='ltr'>Caeterunt</span> <span class='ocrx_word' id='word_1_215' title='bbox 499 2421 564 2497; x_wconf 91' lang='lat' dir='ltr'>ipsa</span> <span class='ocrx_word' id='word_1_216' title='bbox 577 2440 641 2494; x_wconf 87' lang='lat' dir='ltr'>quae</span> <span class='ocrx_word' id='word_1_217' title='bbox 655 2441 692 2480; x_wconf 85' lang='lat' dir='ltr'>ex</span> <span class='ocrx_word' id='word_1_218' title='bbox 707 2423 777 2481; x_wconf 81' lang='lat' dir='ltr'>Adae</span> <span class='ocrx_word' id='word_1_219' title='bbox 793 2435 910 2499; x_wconf 88' lang='lat' dir='ltr'>peccato</span> <span class='ocrx_word' id='word_1_220' title='bbox 925 2424 1006 2482; x_wconf 87' lang='lat' dir='ltr'>nubis</span> <span class='ocrx_word' id='word_1_221' title='bbox 1022 2426 1154 2500; x_wconf 88' lang='lat' dir='ltr'>provenit</span> <span class='ocrx_word' id='word_1_222' title='bbox 1174 2419 1264 2498; x_wconf 90' lang='lat' dir='ltr'>cupidi·</span> 
     </span>
     <span class='ocr_line' id='line_1_24' title="bbox 80 2518 1266 2596; baseline -0.004 -18"><span class='ocrx_word' id='word_1_223' title='bbox 80 2529 123 2578; x_wconf 85' lang='lat' dir='ltr'>tar</span> <span class='ocrx_word' id='word_1_224' title='bbox 152 2519 336 2596; x_wconf 85' lang='lat' dir='ltr'>plurimarum</span> <span class='ocrx_word' id='word_1_225' title='bbox 361 2518 465 2590; x_wconf 89' lang='lat' dir='ltr'>quibus</span> <span class='ocrx_word' id='word_1_226' title='bbox 487 2518 635 2594; x_wconf 86' lang='lat' dir='ltr'>pulsamur</span> <span class='ocrx_word' id='word_1_227' title='bbox 657 2520 841 2578; x_wconf 88' lang='lat' dir='ltr'>tentationum</span> <span class='ocrx_word' id='word_1_228' title='bbox 868 2522 932 2579; x_wconf 87' lang='lat' dir='ltr'>sona</span> <span class='ocrx_word' id='word_1_229' title='bbox 953 2532 1015 2579; x_wconf 86' lang='lat' dir='ltr'>est:</span> <span class='ocrx_word' id='word_1_230' title='bbox 1053 2521 1266 2594; x_wconf 74' lang='lat' dir='ltr'>“uniusquisque</span> 
     </span>
     <span class='ocr_line' id='line_1_25' title="bbox 79 2614 1008 2690; baseline -0.004 -14"><span class='ocrx_word' id='word_1_231' title='bbox 79 2614 147 2676; x_wconf 80' lang='lat' dir='ltr'>verb</span> <span class='ocrx_word' id='word_1_232' title='bbox 162 2625 283 2675; x_wconf 89' lang='lat' dir='ltr'>tentatur</span> <span class='ocrx_word' id='word_1_233' title='bbox 295 2632 313 2672; x_wconf 85' lang='lat' dir='ltr'>s</span> <span class='ocrx_word' id='word_1_234' title='bbox 323 2614 556 2690; x_wconf 88' lang='lat' dir='ltr'>concupiscentia</span> <span class='ocrx_word' id='word_1_235' title='bbox 568 2632 621 2671; x_wconf 89' lang='lat' dir='ltr'>sua</span> <span class='ocrx_word' id='word_1_236' title='bbox 637 2615 791 2672; x_wconf 89' lang='lat' dir='ltr'>abstractus</span> <span class='ocrx_word' id='word_1_237' title='bbox 807 2627 835 2672; x_wconf 92' lang='lat' dir='ltr'>et</span> <span class='ocrx_word' id='word_1_238' title='bbox 849 2616 1008 2673; x_wconf 84' lang='lat' dir='ltr'>illectus.”⁴</span> 
     </span>
    </p>

    <p class='ocr_par' dir='ltr' id='par_1_4' title="bbox 23 2711 1280 4046">
     <span class='ocr_line' id='line_1_26' title="bbox 119 2711 1271 2790; baseline -0.007 -17"><span class='ocrx_word' id='word_1_239' title='bbox 119 2718 190 2774; x_wconf 80' lang='lat' dir='ltr'>att.</span> <span class='ocrx_word' id='word_1_240' title='bbox 212 2714 384 2787; x_wconf 81' lang='lat' dir='ltr'>Doemonurn</span> <span class='ocrx_word' id='word_1_241' title='bbox 397 2713 479 2770; x_wconf 90' lang='lat' dir='ltr'>rebus</span> <span class='ocrx_word' id='word_1_242' title='bbox 491 2711 623 2770; x_wconf 88' lang='lat' dir='ltr'>humanis</span> <span class='ocrx_word' id='word_1_243' title='bbox 634 2713 809 2770; x_wconf 88' lang='lat' dir='ltr'>interventus</span> <span class='ocrx_word' id='word_1_244' title='bbox 829 2714 982 2790; x_wconf 89' lang='lat' dir='ltr'>plurimum</span> <span class='ocrx_word' id='word_1_245' title='bbox 995 2714 1064 2771; x_wconf 89' lang='lat' dir='ltr'>olim</span> <span class='ocrx_word' id='word_1_246' title='bbox 1081 2714 1236 2790; x_wconf 89' lang='lat' dir='ltr'>jactabatur</span> <span class='ocrx_word' id='word_1_247' title='bbox 1247 2719 1271 2765; x_wconf 85' lang='lat' dir='ltr'>et</span> 
     </span>
     <span class='ocr_line' id='line_1_27' title="bbox 81 2804 1271 2886; baseline -0.009 -14"><span class='ocrx_word' id='word_1_248' title='bbox 81 2812 257 2878; x_wconf 81' lang='lat' dir='ltr'>credebatur,</span> <span class='ocrx_word' id='word_1_249' title='bbox 280 2829 339 2868; x_wconf 91' lang='lat' dir='ltr'>uon</span> <span class='ocrx_word' id='word_1_250' title='bbox 361 2811 424 2866; x_wconf 88' lang='lat' dir='ltr'>sine</span> <span class='ocrx_word' id='word_1_251' title='bbox 449 2809 590 2883; x_wconf 84' lang='lat' dir='ltr'>aliquibus</span> <span class='ocrx_word' id='word_1_252' title='bbox 614 2827 651 2866; x_wconf 82' lang='lat' dir='ltr'>er</span> <span class='ocrx_word' id='word_1_253' title='bbox 673 2809 820 2885; x_wconf 82' lang='lat' dir='ltr'>Scriptura</span> <span class='ocrx_word' id='word_1_254' title='bbox 843 2809 1002 2886; x_wconf 87' lang='lat' dir='ltr'>desumptis</span> <span class='ocrx_word' id='word_1_255' title='bbox 1026 2811 1182 2885; x_wconf 83' lang='lat' dir='ltr'>exemplis.</span> <span class='ocrx_word' id='word_1_256' title='bbox 1224 2804 1271 2874; x_wconf 84' lang='lat' dir='ltr'>Qui</span> 
     </span>
     <span class='ocr_line' id='line_1_28' title="bbox 80 2903 1274 2982; baseline -0.007 -15"><span class='ocrx_word' id='word_1_257' title='bbox 80 2925 182 2968; x_wconf 87' lang='lat' dir='ltr'>eurum</span> <span class='ocrx_word' id='word_1_258' title='bbox 197 2923 282 2982; x_wconf 89' lang='lat' dir='ltr'>opem</span> <span class='ocrx_word' id='word_1_259' title='bbox 297 2904 495 2980; x_wconf 87' lang='lat' dir='ltr'>implorabant,</span> <span class='ocrx_word' id='word_1_260' title='bbox 510 2912 541 2960; x_wconf 84' lang='lat' dir='ltr'>ut</span> <span class='ocrx_word' id='word_1_261' title='bbox 552 2923 653 2960; x_wconf 84' lang='lat' dir='ltr'>arcana</span> <span class='ocrx_word' id='word_1_262' title='bbox 663 2903 835 2980; x_wconf 85' lang='lat' dir='ltr'>detegerent,</span> <span class='ocrx_word' id='word_1_263' title='bbox 852 2905 896 2961; x_wconf 88' lang='lat' dir='ltr'>vel</span> <span class='ocrx_word' id='word_1_264' title='bbox 911 2903 1111 2962; x_wconf 86' lang='lat' dir='ltr'>detrimentum</span> <span class='ocrx_word' id='word_1_265' title='bbox 1122 2906 1186 2962; x_wconf 87' lang='lat' dir='ltr'>aliis</span> <span class='ocrx_word' id='word_1_266' title='bbox 1201 2905 1274 2962; x_wconf 84' lang='lat' dir='ltr'>inser·</span> 
     </span>
     <span class='ocr_line' id='line_1_29' title="bbox 81 2984 1276 3081; baseline -0.002 -22"><span class='ocrx_word' id='word_1_267' title='bbox 81 3012 153 3081; x_wconf 85' lang='lat' dir='ltr'>rent,</span> <span class='ocrx_word' id='word_1_268' title='bbox 163 3000 306 3076; x_wconf 74' lang='lat' dir='ltr'>Magiam</span> <span class='ocrx_word' id='word_1_269' title='bbox 316 3016 449 3055; x_wconf 82' lang='lat' dir='ltr'>exercere</span> <span class='ocrx_word' id='word_1_270' title='bbox 461 2996 636 3065; x_wconf 83' lang='lat' dir='ltr'>dicebantur,</span> <span class='ocrx_word' id='word_1_271' title='bbox 646 2999 723 3071; x_wconf 90' lang='lat' dir='ltr'>quod</span> <span class='ocrx_word' id='word_1_272' title='bbox 734 3001 943 3076; x_wconf 88' lang='lat' dir='ltr'>superstitionis</span> <span class='ocrx_word' id='word_1_273' title='bbox 956 3019 1047 3077; x_wconf 85' lang='lat' dir='ltr'>genus</span> <span class='ocrx_word' id='word_1_274' title='bbox 1057 3002 1145 3059; x_wconf 90' lang='lat' dir='ltr'>cultui</span> <span class='ocrx_word' id='word_1_275' title='bbox 1157 3002 1218 3059; x_wconf 80' lang='lat' dir='ltr'>reri</span> <span class='ocrx_word' id='word_1_276' title='bbox 1229 2984 1276 3058; x_wconf 76' lang='lat' dir='ltr'>ilbi</span> 
     </span>
     <span class='ocr_line' id='line_1_30' title="bbox 81 3094 1278 3175; baseline -0.001 -20"><span class='ocrx_word' id='word_1_277' title='bbox 81 3097 244 3163; x_wconf 82' lang='lat' dir='ltr'>adversum,</span> <span class='ocrx_word' id='word_1_278' title='bbox 263 3103 291 3150; x_wconf 90' lang='lat' dir='ltr'>et</span> <span class='ocrx_word' id='word_1_279' title='bbox 303 3094 333 3150; x_wconf 91' lang='lat' dir='ltr'>itt</span> <span class='ocrx_word' id='word_1_280' title='bbox 349 3094 519 3168; x_wconf 89' lang='lat' dir='ltr'>populorum</span> <span class='ocrx_word' id='word_1_281' title='bbox 534 3094 660 3153; x_wconf 86' lang='lat' dir='ltr'>fraudem</span> <span class='ocrx_word' id='word_1_282' title='bbox 675 3115 832 3163; x_wconf 89' lang='lat' dir='ltr'>cessurum,</span> <span class='ocrx_word' id='word_1_283' title='bbox 850 3097 913 3154; x_wconf 91' lang='lat' dir='ltr'>Deo</span> <span class='ocrx_word' id='word_1_284' title='bbox 931 3098 1061 3174; x_wconf 88' lang='lat' dir='ltr'>jubente,</span> <span class='ocrx_word' id='word_1_285' title='bbox 1077 3100 1179 3156; x_wconf 90' lang='lat' dir='ltr'>mortis</span> <span class='ocrx_word' id='word_1_286' title='bbox 1201 3115 1278 3175; x_wconf 85' lang='lat' dir='ltr'>poette</span> 
     </span>
     <span class='ocr_line' id='line_1_31' title="bbox 81 3187 1279 3272; baseline 0.002 -22"><span class='ocrx_word' id='word_1_287' title='bbox 81 3193 112 3250; x_wconf 90' lang='lat' dir='ltr'>itt</span> <span class='ocrx_word' id='word_1_288' title='bbox 126 3191 214 3272; x_wconf 79' lang='lat' dir='ltr'>veteri</span> <span class='ocrx_word' id='word_1_289' title='bbox 228 3190 291 3265; x_wconf 84' lang='lat' dir='ltr'>lege</span> <span class='ocrx_word' id='word_1_290' title='bbox 302 3190 467 3247; x_wconf 89' lang='lat' dir='ltr'>mulctatum</span> <span class='ocrx_word' id='word_1_291' title='bbox 481 3193 549 3246; x_wconf 81' lang='lat' dir='ltr'>est.⁶</span> <span class='ocrx_word' id='word_1_292' title='bbox 576 3190 608 3247; x_wconf 91' lang='lat' dir='ltr'>ld</span> <span class='ocrx_word' id='word_1_293' title='bbox 618 3193 727 3268; x_wconf 90' lang='lat' dir='ltr'>optimo</span> <span class='ocrx_word' id='word_1_294' title='bbox 742 3194 857 3265; x_wconf 89' lang='lat' dir='ltr'>quidem</span> <span class='ocrx_word' id='word_1_295' title='bbox 868 3187 1050 3270; x_wconf 80' lang='lat' dir='ltr'>jure,.ittrum</span> <span class='ocrx_word' id='word_1_296' title='bbox 1065 3195 1135 3252; x_wconf 92' lang='lat' dir='ltr'>illud</span> <span class='ocrx_word' id='word_1_297' title='bbox 1150 3215 1218 3253; x_wconf 90' lang='lat' dir='ltr'>cum</span> <span class='ocrx_word' id='word_1_298' title='bbox 1230 3195 1279 3252; x_wconf 84' lang='lat' dir='ltr'>de·</span> 
     </span>
     <span class='ocr_line' id='line_1_32' title="bbox 80 3284 1280 3363; baseline 0.002 -17"><span class='ocrx_word' id='word_1_299' title='bbox 80 3303 167 3346; x_wconf 90' lang='lat' dir='ltr'>mone</span> <span class='ocrx_word' id='word_1_300' title='bbox 181 3285 386 3342; x_wconf 86' lang='lat' dir='ltr'>commercium</span> <span class='ocrx_word' id='word_1_301' title='bbox 402 3284 473 3342; x_wconf 86' lang='lat' dir='ltr'>salso</span> <span class='ocrx_word' id='word_1_302' title='bbox 483 3285 646 3361; x_wconf 80' lang='lat' dir='ltr'>jactaretur,</span> <span class='ocrx_word' id='word_1_303' title='bbox 662 3288 707 3344; x_wconf 87' lang='lat' dir='ltr'>rel</span> <span class='ocrx_word' id='word_1_304' title='bbox 721 3290 763 3345; x_wconf 91' lang='lat' dir='ltr'>rei</span> <span class='ocrx_word' id='word_1_305' title='bbox 778 3291 892 3346; x_wconf 87' lang='lat' dir='ltr'>veritate</span> <span class='ocrx_word' id='word_1_306' title='bbox 907 3291 1061 3349; x_wconf 86' lang='lat' dir='ltr'>niteretur:</span> <span class='ocrx_word' id='word_1_307' title='bbox 1084 3292 1135 3363; x_wconf 94' lang='lat' dir='ltr'>qui</span> <span class='ocrx_word' id='word_1_308' title='bbox 1156 3293 1235 3350; x_wconf 88' lang='lat' dir='ltr'>enim</span> <span class='ocrx_word' id='word_1_309' title='bbox 1255 3292 1280 3349; x_wconf 89' lang='lat' dir='ltr'>io</span> 
     </span>
     <span class='ocr_line' id='line_1_33' title="bbox 81 3379 1280 3467; baseline 0.003 -28"><span class='ocrx_word' id='word_1_310' title='bbox 81 3380 252 3467; x_wconf 68' lang='lat' dir='ltr'>theocratio,</span> <span class='ocrx_word' id='word_1_311' title='bbox 265 3379 357 3463; x_wconf 84' lang='lat' dir='ltr'>qualis</span> <span class='ocrx_word' id='word_1_312' title='bbox 372 3391 430 3455; x_wconf 84' lang='lat' dir='ltr'>erat</span> <span class='ocrx_word' id='word_1_313' title='bbox 445 3380 574 3439; x_wconf 85' lang='lat' dir='ltr'>Judaioae</span> <span class='ocrx_word' id='word_1_314' title='bbox 587 3383 749 3458; x_wconf 75' lang='lat' dir='ltr'>reipublicae</span> <span class='ocrx_word' id='word_1_315' title='bbox 763 3385 899 3451; x_wconf 89' lang='lat' dir='ltr'>conditio,</span> <span class='ocrx_word' id='word_1_316' title='bbox 912 3386 1040 3458; x_wconf 86' lang='lat' dir='ltr'>quolibet</span> <span class='ocrx_word' id='word_1_317' title='bbox 1053 3398 1138 3462; x_wconf 90' lang='lat' dir='ltr'>pacto</span> <span class='ocrx_word' id='word_1_318' title='bbox 1151 3387 1280 3445; x_wconf 87' lang='lat' dir='ltr'>homines</span> 
     </span>
     <span class='ocr_line' id='line_1_34' title="bbox 82 3477 1280 3562; baseline 0.005 -26"><span class='ocrx_word' id='word_1_319' title='bbox 82 3479 211 3559; x_wconf 80' lang='lat' dir='ltr'>adivino</span> <span class='ocrx_word' id='word_1_320' title='bbox 225 3479 300 3537; x_wconf 89' lang='lat' dir='ltr'>cultu</span> <span class='ocrx_word' id='word_1_321' title='bbox 315 3477 438 3546; x_wconf 89' lang='lat' dir='ltr'>abducit,</span> <span class='ocrx_word' id='word_1_322' title='bbox 454 3498 518 3536; x_wconf 87' lang='lat' dir='ltr'>reus</span> <span class='ocrx_word' id='word_1_323' title='bbox 533 3479 566 3538; x_wconf 88' lang='lat' dir='ltr'>fit</span> <span class='ocrx_word' id='word_1_324' title='bbox 578 3479 653 3538; x_wconf 85' lang='lat' dir='ltr'>laesae</span> <span class='ocrx_word' id='word_1_325' title='bbox 668 3482 824 3556; x_wconf 82' lang='lat' dir='ltr'>majestatis</span> <span class='ocrx_word' id='word_1_326' title='bbox 837 3482 951 3540; x_wconf 77' lang='lat' dir='ltr'>divina.</span> <span class='ocrx_word' id='word_1_327' title='bbox 993 3483 1136 3556; x_wconf 89' lang='lat' dir='ltr'>Pleraque</span> <span class='ocrx_word' id='word_1_328' title='bbox 1157 3485 1280 3562; x_wconf 75' lang='lat' dir='ltr'>Europa</span> 
     </span>
     <span class='ocr_line' id='line_1_35' title="bbox 80 3573 1280 3655; baseline 0.002 -18"><span class='ocrx_word' id='word_1_329' title='bbox 80 3594 170 3655; x_wconf 84' lang='lat' dir='ltr'>regna</span> <span class='ocrx_word' id='word_1_330' title='bbox 182 3574 316 3633; x_wconf 84' lang='lat' dir='ltr'>infestum</span> <span class='ocrx_word' id='word_1_331' title='bbox 328 3573 398 3631; x_wconf 91' lang='lat' dir='ltr'>illud</span> <span class='ocrx_word' id='word_1_332' title='bbox 413 3592 559 3651; x_wconf 81' lang='lat' dir='ltr'>sagarum</span> <span class='ocrx_word' id='word_1_333' title='bbox 570 3594 671 3652; x_wconf 83' lang='lat' dir='ltr'>genus,</span> <span class='ocrx_word' id='word_1_334' title='bbox 684 3578 783 3642; x_wconf 87' lang='lat' dir='ltr'>eadem</span> <span class='ocrx_word' id='word_1_335' title='bbox 797 3596 880 3652; x_wconf 85' lang='lat' dir='ltr'>poeoa</span> <span class='ocrx_word' id='word_1_336' title='bbox 890 3578 1044 3654; x_wconf 87' lang='lat' dir='ltr'>proposita,</span> <span class='ocrx_word' id='word_1_337' title='bbox 1056 3579 1206 3637; x_wconf 82' lang='lat' dir='ltr'>eliminare</span> <span class='ocrx_word' id='word_1_338' title='bbox 1217 3583 1280 3639; x_wconf 87' lang='lat' dir='ltr'>olim</span> 
     </span>
     <span class='ocr_line' id='line_1_36' title="bbox 81 3669 1280 3755; baseline 0.003 -25"><span class='ocrx_word' id='word_1_339' title='bbox 81 3673 251 3755; x_wconf 77' lang='lat' dir='ltr'>studebant:</span> <span class='ocrx_word' id='word_1_340' title='bbox 266 3669 317 3726; x_wconf 88' lang='lat' dir='ltr'>sed</span> <span class='ocrx_word' id='word_1_341' title='bbox 331 3688 419 3741; x_wconf 92' lang='lat' dir='ltr'>quum</span> <span class='ocrx_word' id='word_1_342' title='bbox 435 3671 588 3729; x_wconf 83' lang='lat' dir='ltr'>levissimis</span> <span class='ocrx_word' id='word_1_343' title='bbox 600 3671 677 3729; x_wconf 89' lang='lat' dir='ltr'>ducti</span> <span class='ocrx_word' id='word_1_344' title='bbox 691 3673 846 3730; x_wconf 89' lang='lat' dir='ltr'>rationibus</span> <span class='ocrx_word' id='word_1_345' title='bbox 857 3673 970 3748; x_wconf 86' lang='lat' dir='ltr'>judices</span> <span class='ocrx_word' id='word_1_346' title='bbox 983 3676 1093 3750; x_wconf 78' lang='lat' dir='ltr'>magiae,</span> <span class='ocrx_word' id='word_1_347' title='bbox 1111 3676 1158 3732; x_wconf 82' lang='lat' dir='ltr'>rel</span> <span class='ocrx_word' id='word_1_348' title='bbox 1170 3677 1280 3736; x_wconf 84' lang='lat' dir='ltr'>alterius</span> 
     </span>
     <span class='ocr_line' id='line_1_37' title="bbox 23 3761 1280 3847; baseline 0.003 -19"><span class='ocrx_word' id='word_1_349' title='bbox 23 3761 25 3768; x_wconf 45' lang='lat'><strong>¹</strong></span> <span class='ocrx_word' id='word_1_350' title='bbox 82 3766 292 3847; x_wconf 80' lang='lat' dir='ltr'>superstitionis</span> <span class='ocrx_word' id='word_1_351' title='bbox 317 3765 422 3834; x_wconf 86' lang='lat' dir='ltr'>affinis,</span> <span class='ocrx_word' id='word_1_352' title='bbox 442 3786 507 3826; x_wconf 88' lang='lat' dir='ltr'>reos</span> <span class='ocrx_word' id='word_1_353' title='bbox 531 3767 707 3837; x_wconf 84' lang='lat' dir='ltr'>damnarent,</span> <span class='ocrx_word' id='word_1_354' title='bbox 732 3770 765 3828; x_wconf 90' lang='grc' dir='ltr'>Ρ.</span> <span class='ocrx_word' id='word_1_355' title='bbox 783 3771 858 3846; x_wconf 86' lang='lat' dir='ltr'>Spes</span> <span class='ocrx_word' id='word_1_356' title='bbox 873 3791 889 3826; x_wconf 91' lang='lat' dir='ltr'>e</span> <span class='ocrx_word' id='word_1_357' title='bbox 904 3772 938 3830; x_wconf 79' lang='lat' dir='ltr'>S.</span> <span class='ocrx_word' id='word_1_358' title='bbox 959 3771 983 3828; x_wconf 90' lang='lat'>1.</span> <span class='ocrx_word' id='word_1_359' title='bbox 998 3790 1085 3846; x_wconf 89' lang='lat' dir='ltr'>opere</span> <span class='ocrx_word' id='word_1_360' title='bbox 1110 3773 1189 3831; x_wconf 86' lang='lat' dir='ltr'>edito</span> <span class='ocrx_word' id='word_1_361' title='bbox 1212 3792 1280 3832; x_wconf 87' lang='lat' dir='ltr'>annu</span> 
     </span>
     <span class='ocr_line' id='line_1_38' title="bbox 85 3851 1280 3947; baseline 0.002 -21"><span class='ocrx_word' id='word_1_362' title='bbox 85 3871 160 3936; x_wconf 88' lang='grc'>1631</span> <span class='ocrx_word' id='word_1_363' title='bbox 176 3864 294 3926; x_wconf 84' lang='lat' dir='ltr'>modum</span> <span class='ocrx_word' id='word_1_364' title='bbox 319 3874 401 3922; x_wconf 88' lang='lat' dir='ltr'>tantae</span> <span class='ocrx_word' id='word_1_365' title='bbox 426 3866 523 3944; x_wconf 88' lang='lat' dir='ltr'>legum</span> <span class='ocrx_word' id='word_1_366' title='bbox 545 3868 687 3925; x_wconf 87' lang='lat' dir='ltr'>severitati</span> <span class='ocrx_word' id='word_1_367' title='bbox 708 3867 899 3933; x_wconf 82' lang='lat' dir='ltr'>adhibendum</span> <span class='ocrx_word' id='word_1_368' title='bbox 922 3851 1086 3926; x_wconf 85' lang='lat' dir='ltr'>efficacibus</span> <span class='ocrx_word' id='word_1_369' title='bbox 1109 3873 1280 3947; x_wconf 83' lang='lat' dir='ltr'>argumentis</span> 
     </span>
     <span class='ocr_line' id='line_1_39' title="bbox 83 3961 1280 4046; baseline 0.002 -22"><span class='ocrx_word' id='word_1_370' title='bbox 83 3962 248 4046; x_wconf 68' lang='lat' dir='ltr'>persuasit.⁶</span> <span class='ocrx_word' id='word_1_371' title='bbox 282 3961 353 4019; x_wconf 88' lang='lat' dir='ltr'>lude</span> <span class='ocrx_word' id='word_1_372' title='bbox 368 3961 518 4031; x_wconf 82' lang='lat' dir='ltr'>sactumut</span> <span class='ocrx_word' id='word_1_373' title='bbox 531 3965 672 4023; x_wconf 88' lang='lat' dir='ltr'>recentius</span> <span class='ocrx_word' id='word_1_374' title='bbox 686 3963 750 4040; x_wconf 87' lang='lat' dir='ltr'>ipsa</span> <span class='ocrx_word' id='word_1_375' title='bbox 764 3965 857 4041; x_wconf 84' lang='lat' dir='ltr'>magia</span> <span class='ocrx_word' id='word_1_376' title='bbox 871 3965 959 4024; x_wconf 89' lang='lat' dir='ltr'>veluti</span> <span class='ocrx_word' id='word_1_377' title='bbox 972 3983 1017 4024; x_wconf 87' lang='lat' dir='ltr'>ree</span> <span class='ocrx_word' id='word_1_378' title='bbox 1032 3967 1098 4024; x_wconf 89' lang='lat' dir='ltr'>ficta</span> <span class='ocrx_word' id='word_1_379' title='bbox 1111 3968 1280 4044; x_wconf 85' lang='lat' dir='ltr'>aplerisque</span> 
     </span>
    </p>
   </div>
   <div class='ocr_carea' id='block_1_4' title="bbox 91 4116 513 4513">
    <p class='ocr_par' dir='ltr' id='par_1_5' title="bbox 251 4116 474 4179">
     <span class='ocr_line' id='line_1_40' title="bbox 251 4116 474 4179; baseline 0.009 -17"><span class='ocrx_word' id='word_1_380' title='bbox 251 4118 289 4179; x_wconf 88' lang='lat' dir='ltr'>(t)</span> <span class='ocrx_word' id='word_1_381' title='bbox 307 4116 384 4179; x_wconf 79' lang='lat' dir='ltr'>Apoc.</span> <span class='ocrx_word' id='word_1_382' title='bbox 394 4131 438 4165; x_wconf 82' lang='lat' dir='ltr'>xx.</span> <span class='ocrx_word' id='word_1_383' title='bbox 451 4120 474 4164; x_wconf 78' lang='lat'>2.</span> 
     </span>
    </p>

    <p class='ocr_par' dir='ltr' id='par_1_6' title="bbox 91 4197 513 4513">
     <span class='ocr_line' id='line_1_41' title="bbox 91 4197 488 4262; baseline 0.005 -15"><span class='ocrx_word' id='word_1_384' title='bbox 91 4222 96 4239; x_wconf 63' lang='grc' dir='ltr'><strong>ι</strong></span> <span class='ocrx_word' id='word_1_385' title='bbox 179 4230 189 4235; x_wconf 80' lang='lat'>.,</span> <span class='ocrx_word' id='word_1_386' title='bbox 215 4228 218 4233; x_wconf 93' lang='lat'><em>-</em></span> <span class='ocrx_word' id='word_1_387' title='bbox 248 4197 488 4262; x_wconf 55' lang='lat' dir='ltr'>(alunantiae.</span> 
     </span>
     <span class='ocr_line' id='line_1_42' title="bbox 250 4283 470 4348; baseline 0.005 -16"><span class='ocrx_word' id='word_1_388' title='bbox 250 4286 290 4347; x_wconf 75' lang='lat'>(3)</span> <span class='ocrx_word' id='word_1_389' title='bbox 309 4283 374 4348; x_wconf 82' lang='lat' dir='ltr'>Epir.</span> <span class='ocrx_word' id='word_1_390' title='bbox 385 4284 470 4335; x_wconf 80' lang='lat' dir='ltr'>vill.</span> 
     </span>
     <span class='ocr_line' id='line_1_43' title="bbox 251 4367 470 4430; baseline 0 -14"><span class='ocrx_word' id='word_1_391' title='bbox 251 4371 288 4430; x_wconf 81' lang='lat' dir='ltr'>(t)</span> <span class='ocrx_word' id='word_1_392' title='bbox 304 4367 470 4418; x_wconf 68' lang='lat' dir='ltr'>resonuit.</span> 
     </span>
     <span class='ocr_line' id='line_1_44' title="bbox 252 4452 513 4513; baseline 0.004 -13"><span class='ocrx_word' id='word_1_393' title='bbox 252 4455 289 4513; x_wconf 87' lang='lat'>(5)</span> <span class='ocrx_word' id='word_1_394' title='bbox 308 4452 388 4501; x_wconf 77' lang='lat' dir='ltr'>Exod.</span> <span class='ocrx_word' id='word_1_395' title='bbox 399 4452 460 4502; x_wconf 85' lang='lat' dir='ltr'>xxii.</span> <span class='ocrx_word' id='word_1_396' title='bbox 473 4453 513 4501; x_wconf 83' lang='lat' dir='ltr'>ts.</span> 
     </span>
    </p>
   </div>
   <div class='ocr_carea' id='block_1_5' title="bbox 249 4536 995 4606">
    <p class='ocr_par' dir='ltr' id='par_1_7' title="bbox 249 4536 995 4606">
     <span class='ocr_line' id='line_1_45' title="bbox 249 4536 995 4606; baseline 0.009 -20"><span class='ocrx_word' id='word_1_397' title='bbox 249 4539 288 4600; x_wconf 69' lang='grc' dir='ltr'>(ο)</span> <span class='ocrx_word' id='word_1_398' title='bbox 307 4536 397 4588; x_wconf 80' lang='lat' dir='ltr'>Gaude</span> <span class='ocrx_word' id='word_1_399' title='bbox 408 4537 548 4598; x_wconf 86' lang='lat' dir='ltr'>criminalis,</span> <span class='ocrx_word' id='word_1_400' title='bbox 558 4553 602 4589; x_wconf 89' lang='lat' dir='ltr'>seu</span> <span class='ocrx_word' id='word_1_401' title='bbox 613 4537 643 4589; x_wconf 89' lang='lat' dir='ltr'>de</span> <span class='ocrx_word' id='word_1_402' title='bbox 654 4542 806 4605; x_wconf 88' lang='lat' dir='ltr'>processibus</span> <span class='ocrx_word' id='word_1_403' title='bbox 817 4542 901 4594; x_wconf 72' lang='lat' dir='ltr'>co&#39;nm</span> <span class='ocrx_word' id='word_1_404' title='bbox 917 4558 995 4606; x_wconf 70' lang='lat' dir='ltr'>sagas.</span> 
     </span>
    </p>
   </div>
   <div class='ocr_carea' id='block_1_6' title="bbox 0 0 1381 5024">
    <p class='ocr_par' dir='ltr' id='par_1_8' title="bbox 0 0 1381 5024">
     <span class='ocr_line' id='line_1_46' title="bbox 0 0 1381 5024; baseline 0 0"><span class='ocrx_word' id='word_1_405' title='bbox 0 0 1381 5024; x_wconf 95' lang='lat' dir='ltr'> </span> 
     </span>
    </p>
   </div>
  </div>
 </body>
</html>
