2730 5018
116 277 172 335 168
356 271 414 333 DE
436 267 687 331 DlVlNITATE
709 263 901 327 SPllil'l'US
921 263 1089 325 sanctu,

113 429 262 507 possibilia
275 447 430 502 numquam
446 427 569 492 suerunt,
584 434 613 484 et
632 423 814 483 inveniuntur
827 421 858 480 in
872 421 982 498 Spiritu
1003 420 1121 488 Sancto,
1136 438 1202 494 quac
1224 427 1322 478 aman

111 527 167 587 soii
181 535 347 602 competunt
366 524 441 592 Deo,
455 542 514 582 tran
534 522 671 581 debemus
693 519 855 579 naturaliter
875 518 1022 576 diversum
1041 537 1059 575 a
1077 518 1161 579 Patre
1183 517 1321 589 Filioque

113 621 220 689 dicere,
236 639 322 695 quem
337 621 368 679 iu
380 637 502 696 operm
516 617 642 694 potentia
655 616 799 674 diversum
814 632 871 672 non
888 631 1043 690 possumus
1056 612 1206 672 inveniret
1229 631 1263 669 ac
1276 611 1322 669 sic

112 734 150 779 ex
163 718 270 775 unitate
283 715 380 791 operis
395 713 487 773 unitas
501 723 545 769 est
559 709 739 787 agnoscenda
752 709 873 776 virtutis,
888 726 942 766 nec
956 708 1110 781 quisquam
1130 705 1243 765 dubitet
1264 705 1322 764 Pa·

113 821 197 880 trem,
211 820 242 868 et
254 810 374 876 Filium,
388 819 419 867 et
436 807 575 884 Spiritum
591 807 738 873 Sanctum,
753 820 940 879 personarum
954 803 1077 862 trinitate
1091 810 1216 869 servam,
1230 819 1324 859 osum

113 907 210 967 Deum
224 906 386 965 naturaliter
399 904 504 986 dicere,
519 903 570 976 qui
591 903 683 978 potuit
702 901 834 959 universa
851 899 915 958 sola
934 899 1081 959 voluntate
1100 899 1251 967 condere3
1272 897 1323 970 qni

113 1011 215 1061 concta
227 1011 322 1078 potest
335 1000 445 1059 virtutis
459 998 665 1076 omnipotentia
675 998 855 1074 gubernare,
876 995 926 1069 qui
939 995 1038 1055 omnis
1050 1004 1145 1073 potest
1168 995 1323 1053 immensi·

114 1105 170 1157 tete
184 1095 339 1155 divinitatis
361 1093 528 1173 implere.”¹
1027 1122 1077 1201 ·

153 1193 308 1253 Probatur
321 1191 366 1251 II.
388 1191 443 1251 Ea
463 1188 624 1250 traditione
638 1188 752 1249 divina.
1007 1260 1014 1271 ι,

154 1293 203 1348 63.
224 1289 380 1354 Jusrrnue,
394 1289 460 1345 loco
469 1288 531 1364 jam
546 1287 642 1352 citato,
658 1285 784 1353 Patrem,
800 1294 829 1343 et
843 1284 962 1351 Filium,
974 1272 1040 1342 cum
1054 1282 1210 1342 comitante
1224 1283 1321 1360 Ange·

113 1386 208 1447 lorum
222 1385 361 1451 exercitu,
373 1394 402 1443 et
415 1384 554 1460 Spiritum
569 1381 768 1458 propheticum
783 1381 840 1439 coli
854 1396 883 1438 et
896 1379 1006 1438 adorari
1020 1389 1155 1438 testatore
1176 1397 1276 1450 aucupe
1287 1369 1316 1436 r}

114 1499 145 1539 ss
155 1496 306 1551 stpootptvxw
318 1486 448 1545 σεβοαεὲο,
459 1501 503 1535 stat
514 1481 702 1548 repercussam!

157 1580 206 1637 64.
228 1576 474 1635 Ammaous:
498 1584 517 1612 ‘⁴
528 1574 627 1651 ipsum
642 1573 723 1634 illum
744 1574 882 1651 Spiritum
898 1575 1045 1643 Sanctum,
1059 1573 1110 1647 qui
1123 1575 1154 1632 in
1168 1573 1317 1651 prophetis

114 1681 258 1750 operatur,
272 1671 448 1730 effluentiam
470 1670 528 1728 Dei
549 1688 614 1728 esse
635 1668 767 1737 dicimus,
782 1680 962 1728 emanantem
985 1679 1013 1727 et
1037 1670 1205 1728 redeumem
1230 1669 1317 1729 veluti

114 1769 225 1829 radium
242 1767 322 1826 solis.
365 1767 437 1833 Quis
459 1767 545 1844 igitur
558 1784 617 1825 non
637 1766 763 1833 miretur,
778 1785 844 1826 cum
858 1767 958 1824 atheos
972 1766 1068 1824 vocari
1082 1767 1178 1824 audiat
1192 1785 1256 1835 eos,
1271 1769 1319 1840 qui

115 1865 212 1925 Deum
226 1864 351 1929 Patrem,
366 1871 395 1920 et
408 1862 514 1947 lilium
530 1860 635 1927 Deum,
649 1871 679 1919 et
693 1861 831 1936 Spiritum
853 1861 990 1921 Sanctum
1011 1872 1150 1928 asserunt,
1170 1881 1203 1920 ac
1219 1880 1319 1921 eorum
1341 1906 1353 1923 .

115 1961 186 2019 etin
199 1959 306 2017 unione
326 1957 483 2033 potentiam
493 1969 522 2014 et
535 1957 565 2014 in
579 1955 678 2015 ordine
699 1956 910 2015 distinctionem
931 1956 1128 2015 demonstrant
1137 1955 1172 2014 Ψ
1212 1956 1320 2030 Liquet

117 2057 256 2134 Spiritum
271 2055 418 2121 Sanctum,
434 2054 501 2111 licet
520 2052 601 2110 Deus
625 2072 683 2113 non
697 2064 824 2122 vocetur,
840 2054 916 2113 Patri
930 2064 960 2113 et
978 2054 1054 2113 Filio
1074 2055 1213 2131 conjungi
1237 2076 1264 2108 a
1286 2071 1320 2125 ep

113 2152 204 2211 trema
217 2166 340 2221 cumque
355 2149 473 2224 agnosci
494 2150 692 2207 vaticiniorum
716 2160 872 2218 auctorem,
887 2151 936 2222 qui
958 2150 1069 2208 scilicet
1082 2151 1189 2208 caelesti
1210 2150 1321 2208 lumine

116 2249 171 2305 avi
185 2247 270 2305 sutori
284 2263 386 2303 arcana
400 2243 538 2321 panderit.
580 2245 663 2304 Radil
678 2256 774 2305 autem
788 2247 946 2306 emanantis
960 2258 990 2304 et
1002 2247 1147 2305 redeuntia
1161 2246 1323 2305 similitudo

116 2344 152 2403 ab
175 2343 359 2419 Athenagora
383 2341 508 2401 adhibita
532 2351 585 2410 est,
608 2354 639 2400 ut
663 2343 868 2421 intelligeretur
893 2343 1031 2420 Spiritum
1056 2343 1225 2420 procedere,
1248 2344 1321 2416 quin

116 2448 274 2516 separetur.

156 2538 205 2592 66.
228 2533 260 2592 S.
275 2532 417 2592 Innumus
429 2530 498 2590 dicit
509 2541 529 2570 “
542 2551 593 2609 per
605 2551 719 2593 manum
733 2534 836 2602 Patris,
847 2533 877 2592 id
891 2546 944 2601 est,
956 2553 1007 2611 per
1018 2535 1125 2593 Filium
1136 2545 1166 2593 et
1175 2536 1322 2612 Spiritum

117 2633 255 2691 Sanctum
270 2631 375 2690 lactum
389 2648 454 2688 esec
470 2630 627 2698 hominem,
642 2631 801 2697 secuudum
816 2630 1033 2690 similitudinem
1047 2631 1153 2690 Deir*
1180 2631 1323 2690 afflatum

117 2739 222 2794 autem,
237 2746 295 2800 quo
312 2726 400 2785 homo
415 2727 510 2784 vivero
525 2727 622 2803 coepit,
638 2727 702 2785 Deo
725 2727 842 2785 naribus
862 2727 922 2785 auis
943 2729 1076 2804 spiritum
1098 2729 1163 2786 rite
1183 2729 1325 2805 spirante,

117 2824 152 2897 ab
167 2824 231 2900 ipso
245 2823 343 2882 divino
358 2823 466 2898 Spiritu
481 2821 650 2898 distinguit:
667 2822 782 2881 “Aliud
795 2832 840 2880 est
853 2822 963 2881 afflatus
973 2824 1049 2891 vitae,
1061 2825 1111 2897 qui
1125 2833 1154 2880 et
1167 2824 1326 2890 animalem

117 2919 206 2979 efficit
218 2919 386 2985 hominem3
402 2928 431 2976 et
444 2917 520 2976 aliud
536 2919 653 2994 spiritus
674 2919 833 2986 vivificans,
845 2919 937 2993 quiet
950 2914 1107 2995 spiritalem
1120 2920 1210 2978 efficit
1224 2920 1326 2978 eum.”

120 3059 127 3075 .
150 3059 158 3075 .
182 3059 190 3075 .
213 3058 221 3075 .
243 3027 262 3054 ‘¹
276 3016 379 3076 Esaias
394 3014 573 3091 distinguens
588 3035 621 3073 ea
636 3035 699 3088 quae
715 3016 848 3092 predicta
863 3029 939 3084 sunt,
954 3017 1002 3083 ait,
1018 3018 1135 3093 spiritus
1150 3018 1229 3075 enim
1244 3038 1261 3075 a
1276 3037 1325 3076 me

118 3113 205 3179 exiet,
220 3122 249 3169 et
262 3112 360 3168 flatum
375 3129 491 3168 omnem
507 3130 562 3187 ego
576 3110 642 3168 leci.
685 3112 822 3187 Spiritum
838 3112 954 3186 quidem
978 3114 1124 3188 proprium
1140 3115 1169 3172 in
1191 3114 1258 3172 Deo
1273 3114 1324 3172 de·

119 3220 231 3284 putans,
247 3225 331 3279 quem
348 3207 376 3263 in
392 3206 558 3269 novissimis
573 3208 749 3281 temporibus
764 3207 867 3265 effudit
881 3227 932 3284 per
945 3208 1128 3285 adoptionem
1144 3209 1270 3268 filiorum
1293 3212 1324 3269 in

118 3321 209 3379 genus
225 3303 400 3360 humanum:
424 3300 548 3359 afflatum
563 3313 657 3359 autem
672 3304 862 3361 communiter
876 3305 906 3361 in
920 3304 1085 3363 conditione
1104 3315 1133 3363 et
1146 3305 1256 3364 iactura
1276 3327 1325 3365 os·

119 3398 239 3457 tendens
254 3397 344 3454 illum.
385 3394 472 3454 Aliud
486 3407 580 3454 autem
595 3398 729 3469 estquod
743 3399 848 3456 sactum
863 3400 1000 3458 estabeo
1015 3401 1063 3472 qui
1079 3400 1155 3458 iecit.
1197 3402 1323 3460 Afflatus
1354 3456 1358 3463 .

119 3496 204 3572 igitur
215 3491 390 3568 temporalis,
403 3492 519 3568 spiritus
534 3504 627 3551 autem
642 3494 879 3569 sempiternus.”⁴
900 3495 990 3572 Igitur
999 3495 1123 3572 Spiritus
1136 3496 1182 3554 ille
1198 3497 1324 3556 Sanctus

119 3609 207 3664 quem
231 3590 311 3648 Deus
326 3588 492 3647 novissimis
506 3589 684 3664 temporibus
705 3589 815 3658 effudit,
830 3600 874 3649 est
894 3591 1097 3668 sempiternus,
1111 3591 1239 3651 hominis
1255 3612 1324 3651 con·

120 3688 203 3752 ditor,
218 3698 247 3743 et
260 3685 361 3743 animae
376 3684 463 3742 vitam
476 3684 646 3761 impertitur,
662 3685 742 3743 Deus
756 3686 864 3765 idcirco
880 3687 1039 3746 habendus.
1058 3691 1084 3740 ἐν
1094 3693 1151 3756 θεῷ.
1163 3689 1207 3747 vel
1222 3693 1256 3744 sir
1266 3695 1323 3752 >ete
1356 3722 1360 3733 ·

116 3780 278 3852 Μγίζομενος.

160 3875 209 3930 66.
232 3871 486 3929 'sannunnrsunst
510 3878 529 3907 ‘¹
541 3869 624 3929 Duos
638 3869 791 3930 delinimus
802 3883 830 3930 et
844 3872 957 3931 Patrem
970 3880 999 3930 et
1012 3871 1129 3938 Filium,
1141 3881 1170 3930 et
1186 3872 1247 3948 jam
1264 3881 1322 3931 tres

118 3987 184 4027 cum
199 3969 307 4044 Spiritu
322 3967 428 4026 Sancto
450 4009 459 4026 .
481 4007 490 4025 .
513 4009 521 4025 .
543 3968 626 4026 Duos
641 3977 737 4034 tamen
757 3969 848 4038 Deos,
862 3980 891 4028 et
911 3969 983 4028 duos
1004 3968 1147 4027 Dominus
1162 3988 1321 4042 numquam

55 4252 66 4263 ·
154 4193 196 4256 (l)
216 4188 363 4250 Fulgentius
374 4189 390 4237 l.
402 4188 436 4238 iii.
448 4190 479 4238 ed
492 4189 687 4241 Trasimundum
699 4205 721 4240 c.
732 4191 774 4239 ³5.
786 4189 825 4239 cit
837 4206 852 4240 a
872 4190 973 4242 Petavio
984 4193 1001 4242 1.
1011 4191 1037 4242 ii.
1048 4191 1079 4241 de
1089 4191 1160 4242 Tria.
1180 4192 1227 4242 sub
1237 4181 1323 4242 finem?

118 4290 172 4339 cap.
184 4275 228 4322 ult

154 4359 197 4422 (2)
216 4358 289 4421 Apol.
301 4355 318 4404 i.
330 4355 401 4414 (alies
412 4355 448 4415 ii.)
461 4373 486 4406 n.
499 4359 523 4406 6.

155 4443 197 4506 (3)
217 4440 246 4489 L.
258 4458 281 4490 v.
292 4441 345 4489 adv.
358 4439 414 4489 her.
425 4455 446 4490 c.
455 4442 478 4490 6.

155 4527 198 4592 (4)
220 4526 321 4576 Ibidem.
332 4541 353 4577 c.
367 4528 406 4573 12.
