2730 5018
97 268 161 324 aas
357 264 416 355 ..ξς
458 264 516 325 na
538 264 734 324 pensons
750 221 977 323 'onnrsrn
1022 342 1027 353 Ι

101 433 131 480 et
142 422 256 484 Patrem
269 443 355 483 unum
372 422 551 499 praedicabat,
563 423 661 494 utique
677 420 780 478 divine
792 432 898 479 naturae
912 421 1033 480 ratione.
1074 420 1155 498 Ergo
1165 422 1270 490 Christus

101 520 189 578 homo
203 520 278 578 idem
293 530 362 584 erat,
375 520 423 591 qui
438 529 467 575 et
482 518 573 584 Deus,
585 528 704 588 utraque
719 525 818 574 natura
831 517 860 574 in
876 535 932 574 una
947 535 1070 594 persona
1083 515 1179 575 divina
1191 521 1270 584 sobri.

101 624 186 673 teate.

143 716 191 769 aa.
213 711 258 769 ne
274 711 339 769 neo
354 708 520 767 Patremon
535 707 714 783 Apostolus:
736 708 824 774 uon
847 708 933 765 etiam
958 707 1075 784 proprio
1095 707 1155 765 ruo
1175 727 1271 777 auor„
1318 664 1360 751 ’ἶ

103 808 241 884 pepercit,
256 806 306 862 sed
322 825 374 881 pro
388 805 470 861 nobis
485 805 617 860 omnibus
632 803 744 861 tradidit
758 803 886 861 ilium.‘’²
926 804 1005 880 Ergo
1020 803 1070 876 qui
1084 802 1198 860 traditus
1211 811 1273 872 estin

101 915 235 967 mortem,
251 914 310 960 erat
323 902 455 978 proprius
471 900 527 957 Dei
541 900 636 957 tilius:
657 903 703 954 τὸν
713 898 775 954 ἰδίου
785 901 839 955 two
849 905 893 954 οὐκ
904 897 1024 968 {princeo-
1057 898 1140 957 Idem
1154 899 1293 975 ignaria,

103 1015 153 1055 mo
166 1007 196 1054 et
208 997 301 1054 Deus.

147 1093 197 1147 69.
220 1091 295 1146 “Ex
306 1090 409 1162 quibus
423 1087 597 1167 (Israelitis)
608 1098 652 1145 est
662 1088 795 1146 Christus
804 1087 961 1146 secuudum
973 1107 1098 1153 carnem,
1109 1089 1157 1160 qui
1166 1099 1278 1167 estsuper

105 1186 203 1243 omnia
217 1185 297 1242 Deus
312 1183 475 1241 benedictus
486 1185 513 1240 in
530 1183 682 1241 saectrla.’'¹
721 1185 787 1259 lpse
803 1184 960 1242 secundum
975 1203 1101 1250 carnem,
1118 1183 1257 1252 sciliceta
1271 1221 1279 1235 ·

105 1299 218 1339 matram
234 1290 372 1345 naturam,
387 1298 423 1336 ex
439 1278 573 1336 Israelitis
589 1280 743 1354 profectus,
765 1290 811 1337 est
826 1281 906 1338 Deus
920 1280 1127 1356 superomnia.

146 1382 195 1436 70.
218 1377 304 1443 “Qui
320 1375 467 1432 descendit
491 1377 554 1451 ipse
569 1387 613 1432 est
626 1377 714 1448 etqui
729 1376 857 1434 ascendit
880 1395 966 1452 super
980 1394 1081 1433 omnes
1097 1375 1193 1442 celos,
1208 1379 1283 1440 utim-

107 1471 353 1549 pleretomnia.”⁸
386 1472 541 1535 ὀκοκταβὰς
550 1471 875 1536 tortuosissimam,-
911 1472 968 1538 Qui
1003 1470 1152 1529 descendit
1178 1471 1286 1533 Verbum

107 1578 161 1634 est,
176 1586 229 1625 nec
243 1569 319 1625 enim
335 1567 460 1624 humana
476 1567 585 1624 Christi
607 1580 733 1625 naturae
747 1569 827 1625 coelis
842 1569 936 1625 venit:
959 1568 1008 1639 qui
1023 1566 1151 1624 ascendit
1172 1567 1289 1628 Christus

107 1664 196 1722 homo
209 1673 271 1730 est;
294 1682 358 1719 narn
375 1665 403 1720 in
418 1664 499 1720 terris
514 1681 641 1731 versans,
656 1673 715 1720 erat
729 1665 759 1721 in
773 1665 853 1721 coelis
868 1674 896 1721 et
919 1663 1026 1736 ubique·
1045 1674 1190 1735 tamquam
1205 1663 1290 1723 Deus:

108 1758 188 1835 Ergo
202 1757 279 1817 idern
294 1759 374 1817 Deus
389 1760 437 1831 qui
455 1759 553 1817 horno.

109 1953 201 2011 forma
214 1952 271 2010 Dei
286 1962 372 2018 esset,
388 1972 446 2011 non
461 1954 588 2029 rapinam
603 1954 751 2010 arbitratus
765 1962 887 2010 estesse
901 1953 1080 2025 seaequalem
1097 1951 1301 2020 De031edse·

111 2048 265 2124 metipsum
282 2049 439 2106 exinanivit
463 2049 581 2106 sormam
597 2050 671 2106 servi
695 2048 889 2125 accipiens.”⁴
938 2049 1018 2124 Ergo
1032 2048 1081 2121 qui
1102 2048 1133 2105 in
1147 2047 1239 2106 forma
1250 2047 1302 2106 Dei

112 2141 195 2200 Deus
219 2153 273 2211 est,
300 2144 330 2200 in
355 2144 446 2202 forma
468 2145 544 2202 servi
568 2144 708 2221 apparuit,
733 2144 821 2202 homo
845 2143 954 2201 factus:
976 2161 1044 2219 ergo
1068 2141 1145 2201 idem
1171 2142 1252 2201 Deus
1277 2151 1304 2199 et

108 2235 209 2295 horno.
801 2258 804 2263 ·
1252 2238 1256 2245 “

150 2331 305 2392 Probatur
317 2334 359 2393 II.
400 2334 532 2393 Potmm
545 2335 734 2395 testimoniis.
1103 2388 1106 2393 .

150 2432 201 2485 72.
223 2430 255 2486 S.
271 2428 415 2487 louarrus
430 2430 475 2487 M.
497 2440 517 2467 ⁴⁶
530 2430 611 2486 Deus
626 2441 723 2488 noster
736 2429 823 2488 Jesus
838 2430 973 2487 Christus
986 2430 1017 2487 in
1031 2437 1111 2487 utero
1125 2436 1257 2505 gestatus
1267 2437 1310 2486 est

113 2522 248 2591 adituris,
262 2525 418 2583 secundum
434 2525 675 2601 dispensationem
690 2526 757 2593 Dei,
772 2527 933 2583 exsemine
949 2525 1085 2583 David.'’⁵

152 2622 202 2678 73.
226 2619 258 2676 S.
273 2619 417 2678 insumus
431 2638 468 2676 ex
493 2620 647 2696 Scripturis
669 2620 810 2679 ostendit:
833 2629 951 2678 “unum
973 2631 1002 2677 et
1023 2619 1144 2709 eundern
1159 2638 1226 2677 esse
1241 2620 1311 2679 Var-

114 2714 184 2771 bum
196 2713 266 2783 nst,
278 2724 309 2771 et
319 2715 397 2772 hunc
410 2732 475 2772 esse
489 2716 677 2791 unigenitum,
689 2726 718 2773 et
728 2717 805 2773 hunc
819 2717 993 2774 incarnatum
1003 2735 1068 2772 esse
1079 2735 1131 2792 pro
1144 2716 1236 2774 salute
1247 2735 1312 2775 nos·

114 2821 156 2867 tra
169 2810 272 2869 Jesnm
287 2811 437 2869 Christum
449 2812 607 2871 Dominum
622 2812 798 2870 nostrum.'‘⁰

153 2911 203 2965 74.
225 2908 258 2964 S.
275 2908 451 2965 Gnaoonrus
466 2906 701 2965 Nazraruzauus:
725 2917 745 2942 “
756 2907 785 2964 N
788 2926 825 2964 on
840 2906 896 2963 duo
911 2906 1012 2974 sactus,
1030 2905 1079 2963 sed
1092 2924 1180 2963 unum
1193 2924 1231 2963 ex
1243 2905 1313 2963 duo-

81 3058 86 3067 ,
113 3002 167 3059 bus
182 3004 244 3060 fieri
258 3005 412 3061 sustinens.
456 3003 536 3060 Deus
550 3005 626 3061 enirn
643 3005 726 3060 ambo
741 3015 816 3070 sunt,
829 3002 858 3059 id
870 3003 945 3074 quod
961 3002 1125 3077 assumpsit,
1137 3014 1166 3059 et
1180 3002 1259 3075 quod
1270 3013 1315 3060 est

112 3106 311 3169 assumptum:
335 3108 439 3152 natura
455 3097 518 3153 duae
532 3097 562 3153 in
576 3115 663 3153 unum
679 3108 889 3162 concurrentes
902 3116 959 3153 non
975 3097 1031 3155 duo
1045 3096 1140 3154 filii.”⁷

77 3202 82 3209 ‘
152 3194 202 3246 75.
226 3191 257 3245 S.
274 3193 461 3246 Ananosrus:
485 3191 591 3248 “Cum
617 3190 697 3246 Deus
718 3202 795 3246 esset
815 3208 929 3267 semper
954 3205 1086 3257 aeternus,
1109 3192 1313 3248 incarnationis

113 3295 288 3340 sacramenta
304 3286 439 3359 suscepit,
455 3304 512 3341 non
527 3285 646 3350 divisus,
662 3284 712 3342 sed
728 3305 819 3342 unus:
841 3287 908 3358 quia
923 3299 1074 3358 utrumque
1089 3307 1172 3352 unus,
1195 3296 1224 3343 et
1238 3306 1312 3345 unua

114 3380 143 3436 in
158 3389 287 3450 utroque,
303 3381 358 3436 hoc
373 3393 425 3445 est,
442 3383 486 3438 vel
501 3381 656 3450 divinitate,
679 3383 723 3440 vel
738 3403 867 3460 corpore.
911 3385 978 3442 Non
992 3386 1066 3442 cnirn
1083 3384 1151 3442 aiter
1165 3403 1202 3440 ex
1216 3385 1311 3451 Patra,

113 3475 184 3533 alter
205 3495 241 3534 ex
256 3477 386 3552 Virgine,
412 3479 463 3535 sed
487 3479 562 3537 idem
578 3480 658 3536 aliter
671 3499 709 3538 ex
724 3481 817 3561 Patre,
840 3481 920 3537 aliter
933 3501 970 3539 cx
984 3483 1112 3557 Virgine.
1156 3481 1313 3538 Generatio

114 3572 291 3648 generationi
306 3591 362 3631 non
378 3575 554 3650 prejudicat,
570 3595 622 3633 neo
637 3595 702 3634 caro
717 3566 901 3634 diuinitati.”⁸

120 3692 124 3697 ·
154 3672 205 3729 76.
227 3669 259 3725 S.
274 3669 484 3729 Auousrruus:
508 3673 586 3730 “Ex
601 3692 659 3745 quo
673 3674 760 3732 homo
774 3692 839 3731 esse
854 3674 950 3752 coepit,
976 3693 1033 3745 non
1049 3672 1122 3731 aliud
1138 3672 1227 3750 coepit
1246 3688 1313 3732 esse

111 3756 214 3832 homo,
228 3780 314 3838 quam
330 3764 386 3824 Dei
401 3769 425 3825 F
427 3768 538 3825 iiius.”¹

56 3906 123 3985 .ἔὶρῖ
516 3919 553 3978 (1)
571 3916 640 3964 Rom¹
653 3912 704 3963 viii.
713 3913 753 3963 37.

514 4005 551 4060 (2)
570 4001 633 4047 Rom
645 4000 678 4047 ix.
691 4001 715 4046 5.

511 4086 549 4144 (3)
567 4085 631 4147 upa.
643 4085 674 4134 iv.
690 4087 728 4135 10.

520 4170 561 4232 (4)
579 4169 643 4217 Phil.
655 4169 680 4217 ii.
693 4172 717 4217 ὅ.

514 4256 551 4312 (5)
570 4253 617 4315 Ep.
630 4253 660 4301 ad
672 4254 737 4317 Eph.

463 4343 464 4346 ’
514 4341 552 4398 (6)
570 4337 600 4386 L.
611 4339 645 4387 iii.
657 4340 712 4388 adv.
720 4340 777 4388 brar.
789 4341 889 4391 cxviii.

519 4424 558 4486 (7)
577 4423 643 4472 Orat.
655 4425 725 4473 xxxi.

513 4506 551 4570 (d)
569 4507 599 4558 L.
609 4509 639 4558 dc
652 4508 748 4559 Incarn.
760 4526 781 4560 c.
793 4526 809 4558 r

147 1858 197 1914 71.
220 1855 318 1913 “Hoc
332 1856 408 1912 enim
432 1857 534 1912 sentite
550 1856 578 1912 in
594 1856 685 1924 vobis,
702 1855 778 1928 quod
800 1866 829 1913 et
843 1856 871 1913 in
887 1854 1005 1912 Christo
1018 1855 1102 1922 Jesu,
1126 1855 1177 1928 qai
1191 1873 1253 1912 cum
1271 1857 1297 1915 in
1332 1824 1336 1829 Ι
1357 1842 1360 1917 i
