<?xml version="1.0" encoding="UTF-8"?>
<!DOCTYPE html PUBLIC "-//W3C//DTD XHTML 1.0 Transitional//EN"
    "http://www.w3.org/TR/xhtml1/DTD/xhtml1-transitional.dtd">
<html xmlns="http://www.w3.org/1999/xhtml" xml:lang="en" lang="en">
 <head>
  <title>
</title>
<meta http-equiv="Content-Type" content="text/html;charset=utf-8" />
  <meta name='ocr-system' content='tesseract 3.04.00' />
  <meta name='ocr-capabilities' content='ocr_page ocr_carea ocr_par ocr_line ocrx_word'/>
</head>
<body>
  <div class='ocr_page' id='page_1' title='image "./theologidogmati01kenrgoog_0024.png"; bbox 0 0 2744 5024; ppageno 0'>
   <div class='ocr_carea' id='block_1_1' title="bbox 610 277 1296 373">
    <p class='ocr_par' dir='ltr' id='par_1_1' title="bbox 610 277 1296 373">
     <span class='ocr_line' id='line_1_1' title="bbox 610 277 1296 373; baseline 0.009 -6"><span class='ocrx_word' id='word_1_1' title='bbox 610 300 670 367; x_wconf 83' lang='lat' dir='ltr'>na</span> <span class='ocrx_word' id='word_1_2' title='bbox 689 307 787 368; x_wconf 77' lang='lat' dir='ltr'>niro,</span> <span class='ocrx_word' id='word_1_3' title='bbox 984 277 990 286; x_wconf 87' lang='grc'>’</span> <span class='ocrx_word' id='word_1_4' title='bbox 1278 306 1296 373; x_wconf 85' lang='lat' dir='ltr'>t</span> 
     </span>
    </p>
   </div>
   <div class='ocr_carea' id='block_1_2' title="bbox 91 464 1298 3445">
    <p class='ocr_par' dir='ltr' id='par_1_2' title="bbox 93 464 1298 1119">
     <span class='ocr_line' id='line_1_2' title="bbox 93 464 1296 546; baseline 0.006 -25"><span class='ocrx_word' id='word_1_5' title='bbox 93 472 243 539; x_wconf 74' lang='lat' dir='ltr'>peccante,</span> <span class='ocrx_word' id='word_1_6' title='bbox 258 465 418 534; x_wconf 88' lang='lat' dir='ltr'>obscurata,</span> <span class='ocrx_word' id='word_1_7' title='bbox 430 483 476 524; x_wconf 88' lang='lat' dir='ltr'>res</span> <span class='ocrx_word' id='word_1_8' title='bbox 490 480 592 524; x_wconf 90' lang='lat' dir='ltr'>omnes</span> <span class='ocrx_word' id='word_1_9' title='bbox 606 475 707 524; x_wconf 77' lang='lat' dir='ltr'>create</span> <span class='ocrx_word' id='word_1_10' title='bbox 721 464 878 525; x_wconf 86' lang='lat' dir='ltr'>conditoris</span> <span class='ocrx_word' id='word_1_11' title='bbox 892 473 921 524; x_wconf 88' lang='lat' dir='ltr'>et</span> <span class='ocrx_word' id='word_1_12' title='bbox 934 467 1030 527; x_wconf 77' lang='lat' dir='ltr'>arbitri</span> <span class='ocrx_word' id='word_1_13' title='bbox 1050 470 1178 544; x_wconf 87' lang='lat' dir='ltr'>supremi</span> <span class='ocrx_word' id='word_1_14' title='bbox 1199 478 1296 546; x_wconf 84' lang='lat' dir='ltr'>potes·</span> 
     </span>
     <span class='ocr_line' id='line_1_3' title="bbox 93 560 1298 644; baseline 0.008 -28"><span class='ocrx_word' id='word_1_15' title='bbox 93 569 182 618; x_wconf 86' lang='lat' dir='ltr'>tatem</span> <span class='ocrx_word' id='word_1_16' title='bbox 197 560 292 620; x_wconf 90' lang='lat' dir='ltr'>adhuc</span> <span class='ocrx_word' id='word_1_17' title='bbox 305 572 434 620; x_wconf 87' lang='lat' dir='ltr'>testatam</span> <span class='ocrx_word' id='word_1_18' title='bbox 454 562 591 630; x_wconf 84' lang='lat' dir='ltr'>fecerunt,</span> <span class='ocrx_word' id='word_1_19' title='bbox 607 572 842 639; x_wconf 77' lang='lat' dir='ltr'>peccatoremque</span> <span class='ocrx_word' id='word_1_20' title='bbox 863 563 988 643; x_wconf 77' lang='lat' dir='ltr'>inritum</span> <span class='ocrx_word' id='word_1_21' title='bbox 1005 563 1040 621; x_wconf 91' lang='lat' dir='ltr'>ad</span> <span class='ocrx_word' id='word_1_22' title='bbox 1061 566 1179 624; x_wconf 87' lang='lat' dir='ltr'>Numen</span> <span class='ocrx_word' id='word_1_23' title='bbox 1194 584 1298 644; x_wconf 74' lang='lat' dir='ltr'>agnos·</span> 
     </span>
     <span class='ocr_line' id='line_1_4' title="bbox 95 654 1297 735; baseline 0.008 -23"><span class='ocrx_word' id='word_1_24' title='bbox 95 654 221 734; x_wconf 83' lang='lat' dir='ltr'>cendum</span> <span class='ocrx_word' id='word_1_25' title='bbox 232 669 411 716; x_wconf 81' lang='lat' dir='ltr'>revocarunt.</span> <span class='ocrx_word' id='word_1_26' title='bbox 439 657 586 723; x_wconf 77' lang='lat' dir='ltr'>Caeterum</span> <span class='ocrx_word' id='word_1_27' title='bbox 595 658 731 716; x_wconf 75' lang='lat' dir='ltr'>illustrior</span> <span class='ocrx_word' id='word_1_28' title='bbox 742 658 794 716; x_wconf 90' lang='lat' dir='ltr'>luit</span> <span class='ocrx_word' id='word_1_29' title='bbox 805 674 837 716; x_wconf 85' lang='lat' dir='ltr'>ec</span> <span class='ocrx_word' id='word_1_30' title='bbox 849 659 1026 731; x_wconf 80' lang='lat' dir='ltr'>certiorque</span> <span class='ocrx_word' id='word_1_31' title='bbox 1038 677 1074 717; x_wconf 84' lang='lat' dir='ltr'>ex</span> <span class='ocrx_word' id='word_1_32' title='bbox 1088 659 1152 718; x_wconf 87' lang='lat' dir='ltr'>Deo</span> <span class='ocrx_word' id='word_1_33' title='bbox 1162 661 1297 735; x_wconf 75' lang='lat' dir='ltr'>loquente</span> 
     </span>
     <span class='ocr_line' id='line_1_5' title="bbox 95 742 1295 831; baseline 0.009 -24"><span class='ocrx_word' id='word_1_34' title='bbox 95 750 252 811; x_wconf 77' lang='lat' dir='ltr'>habebatur</span> <span class='ocrx_word' id='word_1_35' title='bbox 272 755 380 823; x_wconf 74' lang='lat' dir='ltr'>nonna,</span> <span class='ocrx_word' id='word_1_36' title='bbox 396 773 560 827; x_wconf 78' lang='lat' dir='ltr'>quamque</span> <span class='ocrx_word' id='word_1_37' title='bbox 577 771 614 812; x_wconf 83' lang='lat' dir='ltr'>ex</span> <span class='ocrx_word' id='word_1_38' title='bbox 635 754 712 811; x_wconf 91' lang='lat' dir='ltr'>orbis</span> <span class='ocrx_word' id='word_1_39' title='bbox 734 742 897 830; x_wconf 74' lang='lat' dir='ltr'>spectabilia</span> <span class='ocrx_word' id='word_1_40' title='bbox 918 755 1177 831; x_wconf 82' lang='lat' dir='ltr'>contemplatione:</span> <span class='ocrx_word' id='word_1_41' title='bbox 1200 758 1295 817; x_wconf 86' lang='lat' dir='ltr'>“Hu-</span> 
     </span>
     <span class='ocr_line' id='line_1_6' title="bbox 95 850 1296 929; baseline 0.007 -24"><span class='ocrx_word' id='word_1_42' title='bbox 95 866 181 906; x_wconf 88' lang='lat' dir='ltr'>msna</span> <span class='ocrx_word' id='word_1_43' title='bbox 194 861 289 909; x_wconf 90' lang='lat' dir='ltr'>autem</span> <span class='ocrx_word' id='word_1_44' title='bbox 304 852 400 909; x_wconf 84' lang='lat' dir='ltr'>anima</span> <span class='ocrx_word' id='word_1_45' title='bbox 414 852 557 910; x_wconf 88' lang='lat' dir='ltr'>rationalis</span> <span class='ocrx_word' id='word_1_46' title='bbox 574 851 650 919; x_wconf 89' lang='lat' dir='ltr'>est,”</span> <span class='ocrx_word' id='word_1_47' title='bbox 666 851 864 909; x_wconf 85' lang='lat' dir='ltr'>animadvertit</span> <span class='ocrx_word' id='word_1_48' title='bbox 877 850 983 910; x_wconf 91' lang='lat' dir='ltr'>idcirco</span> <span class='ocrx_word' id='word_1_49' title='bbox 997 853 1185 929; x_wconf 77' lang='lat' dir='ltr'>Airgustinua,</span> <span class='ocrx_word' id='word_1_50' title='bbox 1201 864 1221 892; x_wconf 77' lang='lat'>‘⁶</span> <span class='ocrx_word' id='word_1_51' title='bbox 1232 872 1296 928; x_wconf 76' lang='lat' dir='ltr'>qne</span> 
     </span>
     <span class='ocr_line' id='line_1_7' title="bbox 94 941 1297 1024; baseline 0.01 -24"><span class='ocrx_word' id='word_1_52' title='bbox 94 945 263 1003; x_wconf 79' lang='lat' dir='ltr'>mortalibus</span> <span class='ocrx_word' id='word_1_53' title='bbox 277 948 399 1005; x_wconf 85' lang='lat' dir='ltr'>vinculis</span> <span class='ocrx_word' id='word_1_54' title='bbox 409 941 622 1024; x_wconf 63' lang='lat' dir='ltr'>‘peccati&#39;poena</span> <span class='ocrx_word' id='word_1_55' title='bbox 636 949 792 1016; x_wconf 87' lang='lat' dir='ltr'>tenebatur,</span> <span class='ocrx_word' id='word_1_56' title='bbox 805 947 840 1005; x_wconf 87' lang='lat' dir='ltr'>ad</span> <span class='ocrx_word' id='word_1_57' title='bbox 854 948 910 1006; x_wconf 92' lang='lat' dir='ltr'>hoc</span> <span class='ocrx_word' id='word_1_58' title='bbox 922 946 1119 1007; x_wconf 80' lang='lat' dir='ltr'>diminutionis</span> <span class='ocrx_word' id='word_1_59' title='bbox 1133 951 1255 1021; x_wconf 83' lang='lat' dir='ltr'>redacta,</span> <span class='ocrx_word' id='word_1_60' title='bbox 1265 963 1297 1012; x_wconf 90' lang='lat' dir='ltr'>ut</span> 
     </span>
     <span class='ocr_line' id='line_1_8' title="bbox 94 1040 1228 1119; baseline 0.006 -24"><span class='ocrx_word' id='word_1_61' title='bbox 94 1056 150 1113; x_wconf 89' lang='lat' dir='ltr'>per</span> <span class='ocrx_word' id='word_1_62' title='bbox 164 1040 341 1114; x_wconf 86' lang='lat' dir='ltr'>conjecturas</span> <span class='ocrx_word' id='word_1_63' title='bbox 355 1049 449 1100; x_wconf 83' lang='lat' dir='ltr'>rerum</span> <span class='ocrx_word' id='word_1_64' title='bbox 465 1044 619 1100; x_wconf 87' lang='lat' dir='ltr'>visibilium</span> <span class='ocrx_word' id='word_1_65' title='bbox 633 1042 669 1100; x_wconf 93' lang='lat' dir='ltr'>ad</span> <span class='ocrx_word' id='word_1_66' title='bbox 684 1041 868 1119; x_wconf 81' lang='lat' dir='ltr'>intelligenda</span> <span class='ocrx_word' id='word_1_67' title='bbox 881 1042 1035 1101; x_wconf 82' lang='lat' dir='ltr'>invisibilia</span> <span class='ocrx_word' id='word_1_68' title='bbox 1049 1044 1228 1102; x_wconf 88' lang='lat' dir='ltr'>niteretur.”¹</span> 
     </span>
    </p>

    <p class='ocr_par' dir='ltr' id='par_1_3' title="bbox 92 1135 1296 1975">
     <span class='ocr_line' id='line_1_9' title="bbox 137 1135 1296 1214; baseline 0.009 -24"><span class='ocrx_word' id='word_1_69' title='bbox 137 1137 158 1190; x_wconf 83' lang='lat'>4</span> <span class='ocrx_word' id='word_1_70' title='bbox 188 1135 1096 1214; x_wconf 79' lang='lat' dir='ltr'>Quaeexrerurnnatura,velordinedeductaargnmentacertam</span> <span class='ocrx_word' id='word_1_71' title='bbox 1105 1139 1296 1201; x_wconf 83' lang='lat' dir='ltr'>Deinotitiant</span> 
     </span>
     <span class='ocr_line' id='line_1_10' title="bbox 94 1229 1296 1304; baseline 0.008 -19"><span class='ocrx_word' id='word_1_72' title='bbox 94 1229 239 1304; x_wconf 83' lang='lat' dir='ltr'>ingerunt,</span> <span class='ocrx_word' id='word_1_73' title='bbox 252 1231 318 1289; x_wconf 85' lang='lat' dir='ltr'>fidei</span> <span class='ocrx_word' id='word_1_74' title='bbox 332 1232 437 1288; x_wconf 85' lang='lat' dir='ltr'>divinae</span> <span class='ocrx_word' id='word_1_75' title='bbox 453 1251 509 1290; x_wconf 91' lang='lat' dir='ltr'>non</span> <span class='ocrx_word' id='word_1_76' title='bbox 521 1231 664 1299; x_wconf 86' lang='lat' dir='ltr'>officiunt,</span> <span class='ocrx_word' id='word_1_77' title='bbox 676 1250 753 1299; x_wconf 90' lang='lat' dir='ltr'>nam,</span> <span class='ocrx_word' id='word_1_78' title='bbox 766 1233 807 1289; x_wconf 91' lang='lat' dir='ltr'>uti</span> <span class='ocrx_word' id='word_1_79' title='bbox 820 1243 895 1290; x_wconf 88' lang='lat' dir='ltr'>recte</span> <span class='ocrx_word' id='word_1_80' title='bbox 906 1232 990 1291; x_wconf 86' lang='lat' dir='ltr'>dccet</span> <span class='ocrx_word' id='word_1_81' title='bbox 1001 1234 1033 1291; x_wconf 80' lang='lat' dir='ltr'>S.</span> <span class='ocrx_word' id='word_1_82' title='bbox 1046 1234 1177 1293; x_wconf 87' lang='lat' dir='ltr'>Thomas</span> <span class='ocrx_word' id='word_1_83' title='bbox 1193 1244 1213 1272; x_wconf 89' lang='grc'><em>“</em></span> <span class='ocrx_word' id='word_1_84' title='bbox 1224 1237 1296 1296; x_wconf 83' lang='lat' dir='ltr'>nihil</span> 
     </span>
     <span class='ocr_line' id='line_1_11' title="bbox 93 1324 1291 1404; baseline 0.008 -22"><span class='ocrx_word' id='word_1_85' title='bbox 93 1324 229 1400; x_wconf 83' lang='lat' dir='ltr'>prohibet</span> <span class='ocrx_word' id='word_1_86' title='bbox 252 1326 320 1383; x_wconf 91' lang='lat' dir='ltr'>illud</span> <span class='ocrx_word' id='word_1_87' title='bbox 343 1326 418 1398; x_wconf 90' lang='lat' dir='ltr'>quod</span> <span class='ocrx_word' id='word_1_88' title='bbox 440 1327 599 1384; x_wconf 87' lang='lat' dir='ltr'>secundum</span> <span class='ocrx_word' id='word_1_89' title='bbox 613 1345 645 1384; x_wconf 89' lang='lat' dir='ltr'>se</span> <span class='ocrx_word' id='word_1_90' title='bbox 660 1326 879 1385; x_wconf 78' lang='lat' dir='ltr'>demonstrabile</span> <span class='ocrx_word' id='word_1_91' title='bbox 899 1339 953 1395; x_wconf 89' lang='lat' dir='ltr'>est,</span> <span class='ocrx_word' id='word_1_92' title='bbox 969 1339 998 1386; x_wconf 91' lang='lat' dir='ltr'>et</span> <span class='ocrx_word' id='word_1_93' title='bbox 1011 1327 1121 1396; x_wconf 81' lang='lat' dir='ltr'>scibile,</span> <span class='ocrx_word' id='word_1_94' title='bbox 1137 1330 1172 1387; x_wconf 90' lang='lat' dir='ltr'>ab</span> <span class='ocrx_word' id='word_1_95' title='bbox 1193 1331 1291 1404; x_wconf 85' lang='lat' dir='ltr'>alique</span> 
     </span>
     <span class='ocr_line' id='line_1_12' title="bbox 93 1419 1294 1499; baseline 0.007 -23"><span class='ocrx_word' id='word_1_96' title='bbox 93 1419 201 1494; x_wconf 80' lang='lat' dir='ltr'>accipi,</span> <span class='ocrx_word' id='word_1_97' title='bbox 216 1429 246 1476; x_wconf 92' lang='lat' dir='ltr'>nt</span> <span class='ocrx_word' id='word_1_98' title='bbox 259 1419 404 1486; x_wconf 88' lang='lat' dir='ltr'>credibile,</span> <span class='ocrx_word' id='word_1_99' title='bbox 421 1422 470 1493; x_wconf 90' lang='lat' dir='ltr'>qui</span> <span class='ocrx_word' id='word_1_100' title='bbox 485 1421 757 1479; x_wconf 84' lang='lat' dir='ltr'>demonstrationem</span> <span class='ocrx_word' id='word_1_101' title='bbox 771 1441 829 1480; x_wconf 89' lang='lat' dir='ltr'>non</span> <span class='ocrx_word' id='word_1_102' title='bbox 843 1422 966 1499; x_wconf 85' lang='lat' dir='ltr'>capit.”¹</span> <span class='ocrx_word' id='word_1_103' title='bbox 1005 1423 1031 1480; x_wconf 92' lang='lat' dir='ltr'>Ii</span> <span class='ocrx_word' id='word_1_104' title='bbox 1044 1423 1101 1498; x_wconf 87' lang='lat' dir='ltr'>ipsi</span> <span class='ocrx_word' id='word_1_105' title='bbox 1116 1425 1165 1496; x_wconf 89' lang='lat' dir='ltr'>qui</span> <span class='ocrx_word' id='word_1_106' title='bbox 1177 1424 1294 1487; x_wconf 88' lang='lat' dir='ltr'>demon·</span> 
     </span>
     <span class='ocr_line' id='line_1_13' title="bbox 93 1514 1296 1597; baseline 0.009 -27"><span class='ocrx_word' id='word_1_107' title='bbox 93 1514 264 1571; x_wconf 86' lang='lat' dir='ltr'>strationurn</span> <span class='ocrx_word' id='word_1_108' title='bbox 277 1515 378 1572; x_wconf 87' lang='lat' dir='ltr'>harum</span> <span class='ocrx_word' id='word_1_109' title='bbox 401 1516 459 1573; x_wconf 89' lang='lat' dir='ltr'>vim</span> <span class='ocrx_word' id='word_1_110' title='bbox 474 1517 599 1573; x_wconf 82' lang='lat' dir='ltr'>maxime</span> <span class='ocrx_word' id='word_1_111' title='bbox 615 1516 740 1574; x_wconf 90' lang='lat' dir='ltr'>sentiunt</span> <span class='ocrx_word' id='word_1_112' title='bbox 753 1526 782 1574; x_wconf 89' lang='lat' dir='ltr'>et</span> <span class='ocrx_word' id='word_1_113' title='bbox 794 1528 905 1597; x_wconf 80' lang='lat' dir='ltr'>urgent,</span> <span class='ocrx_word' id='word_1_114' title='bbox 921 1516 976 1575; x_wconf 90' lang='lat' dir='ltr'>fide</span> <span class='ocrx_word' id='word_1_115' title='bbox 991 1528 1086 1576; x_wconf 88' lang='lat' dir='ltr'>tenere</span> <span class='ocrx_word' id='word_1_116' title='bbox 1103 1531 1225 1594; x_wconf 83' lang='lat' dir='ltr'>possunt</span> <span class='ocrx_word' id='word_1_117' title='bbox 1239 1520 1296 1580; x_wconf 89' lang='lat' dir='ltr'>Dei</span> 
     </span>
     <span class='ocr_line' id='line_1_14' title="bbox 92 1608 1293 1691; baseline 0.007 -26"><span class='ocrx_word' id='word_1_118' title='bbox 92 1609 290 1676; x_wconf 84' lang='lat' dir='ltr'>existentiam,</span> <span class='ocrx_word' id='word_1_119' title='bbox 303 1613 341 1668; x_wconf 89' lang='lat' dir='ltr'>ob</span> <span class='ocrx_word' id='word_1_120' title='bbox 356 1614 418 1688; x_wconf 85' lang='lat' dir='ltr'>ejus</span> <span class='ocrx_word' id='word_1_121' title='bbox 435 1612 647 1687; x_wconf 67' lang='lat' dir='ltr'>revelationem,</span> <span class='ocrx_word' id='word_1_122' title='bbox 662 1630 720 1684; x_wconf 89' lang='lat' dir='ltr'>qua</span> <span class='ocrx_word' id='word_1_123' title='bbox 734 1608 888 1689; x_wconf 82' lang='lat' dir='ltr'>affulgente</span> <span class='ocrx_word' id='word_1_124' title='bbox 902 1614 987 1670; x_wconf 89' lang='lat' dir='ltr'>etiam</span> <span class='ocrx_word' id='word_1_125' title='bbox 1008 1611 1077 1685; x_wconf 90' lang='lat' dir='ltr'>quid</span> <span class='ocrx_word' id='word_1_126' title='bbox 1091 1613 1127 1671; x_wconf 89' lang='lat' dir='ltr'>de</span> <span class='ocrx_word' id='word_1_127' title='bbox 1141 1615 1233 1691; x_wconf 88' lang='lat' dir='ltr'>ipsius</span> <span class='ocrx_word' id='word_1_128' title='bbox 1247 1634 1293 1675; x_wconf 88' lang='lat' dir='ltr'>na·</span> 
     </span>
     <span class='ocr_line' id='line_1_15' title="bbox 92 1706 1294 1780; baseline 0.009 -19"><span class='ocrx_word' id='word_1_129' title='bbox 92 1717 160 1762; x_wconf 86' lang='lat' dir='ltr'>tura</span> <span class='ocrx_word' id='word_1_130' title='bbox 180 1706 361 1764; x_wconf 88' lang='lat' dir='ltr'>sentiendum</span> <span class='ocrx_word' id='word_1_131' title='bbox 377 1708 415 1764; x_wconf 87' lang='lat' dir='ltr'>sit</span> <span class='ocrx_word' id='word_1_132' title='bbox 428 1709 530 1764; x_wconf 91' lang='lat' dir='ltr'>rectius</span> <span class='ocrx_word' id='word_1_133' title='bbox 550 1721 579 1764; x_wconf 93' lang='lat' dir='ltr'>et</span> <span class='ocrx_word' id='word_1_134' title='bbox 598 1708 701 1765; x_wconf 88' lang='lat' dir='ltr'>clarius</span> <span class='ocrx_word' id='word_1_135' title='bbox 715 1719 829 1775; x_wconf 89' lang='lat' dir='ltr'>norunt,</span> <span class='ocrx_word' id='word_1_136' title='bbox 847 1709 981 1780; x_wconf 85' lang='lat' dir='ltr'>quamvis</span> <span class='ocrx_word' id='word_1_137' title='bbox 994 1709 1024 1766; x_wconf 92' lang='lat' dir='ltr'>in</span> <span class='ocrx_word' id='word_1_138' title='bbox 1036 1709 1089 1766; x_wconf 85' lang='lat' dir='ltr'>hac</span> <span class='ocrx_word' id='word_1_139' title='bbox 1111 1710 1177 1777; x_wconf 84' lang='lat' dir='ltr'>rita,</span> <span class='ocrx_word' id='word_1_140' title='bbox 1192 1712 1294 1772; x_wconf 85' lang='lat' dir='ltr'>eodem</span> 
     </span>
     <span class='ocr_line' id='line_1_16' title="bbox 92 1800 1295 1879; baseline 0.007 -22"><span class='ocrx_word' id='word_1_141' title='bbox 92 1801 237 1876; x_wconf 79' lang='lat' dir='ltr'>Angelieo</span> <span class='ocrx_word' id='word_1_142' title='bbox 258 1800 375 1859; x_wconf 90' lang='lat' dir='ltr'>doctore</span> <span class='ocrx_word' id='word_1_143' title='bbox 400 1818 465 1878; x_wconf 86' lang='lat' dir='ltr'>post</span> <span class='ocrx_word' id='word_1_144' title='bbox 485 1803 679 1878; x_wconf 83' lang='lat' dir='ltr'>Augustinum</span> <span class='ocrx_word' id='word_1_145' title='bbox 699 1812 844 1869; x_wconf 85' lang='lat' dir='ltr'>monente,</span> <span class='ocrx_word' id='word_1_146' title='bbox 860 1803 929 1876; x_wconf 90' lang='lat' dir='ltr'>quid</span> <span class='ocrx_word' id='word_1_147' title='bbox 949 1821 1007 1861; x_wconf 91' lang='lat' dir='ltr'>non</span> <span class='ocrx_word' id='word_1_148' title='bbox 1028 1804 1075 1870; x_wconf 87' lang='lat' dir='ltr'>sit,</span> <span class='ocrx_word' id='word_1_149' title='bbox 1092 1805 1187 1879; x_wconf 90' lang='lat' dir='ltr'>potius</span> <span class='ocrx_word' id='word_1_150' title='bbox 1208 1824 1295 1879; x_wconf 87' lang='lat' dir='ltr'>quam</span> 
     </span>
     <span class='ocr_line' id='line_1_17' title="bbox 93 1896 574 1975; baseline 0.002 -20"><span class='ocrx_word' id='word_1_151' title='bbox 93 1896 167 1970; x_wconf 86' lang='lat' dir='ltr'>quid</span> <span class='ocrx_word' id='word_1_152' title='bbox 181 1899 227 1964; x_wconf 89' lang='lat' dir='ltr'>sit,</span> <span class='ocrx_word' id='word_1_153' title='bbox 243 1899 401 1975; x_wconf 88' lang='lat' dir='ltr'>intelligere</span> <span class='ocrx_word' id='word_1_154' title='bbox 415 1899 511 1956; x_wconf 90' lang='lat' dir='ltr'>datum</span> <span class='ocrx_word' id='word_1_155' title='bbox 527 1900 574 1956; x_wconf 90' lang='lat' dir='ltr'>sit.</span> 
     </span>
    </p>

    <p class='ocr_par' dir='ltr' id='par_1_4' title="bbox 91 1995 1295 3224">
     <span class='ocr_line' id='line_1_18' title="bbox 138 1995 1295 2072; baseline 0.004 -20"><span class='ocrx_word' id='word_1_156' title='bbox 138 1999 167 2052; x_wconf 78' lang='lat' dir='ltr'>b.</span> <span class='ocrx_word' id='word_1_157' title='bbox 189 1995 303 2053; x_wconf 72' lang='lat' dir='ltr'>ludent</span> <span class='ocrx_word' id='word_1_158' title='bbox 312 1996 397 2053; x_wconf 79' lang='lat' dir='ltr'>Athei</span> <span class='ocrx_word' id='word_1_159' title='bbox 406 1996 500 2053; x_wconf 88' lang='lat' dir='ltr'>Deum</span> <span class='ocrx_word' id='word_1_160' title='bbox 510 1995 662 2072; x_wconf 83' lang='lat' dir='ltr'>denegare,</span> <span class='ocrx_word' id='word_1_161' title='bbox 670 1995 836 2067; x_wconf 67' lang='lat' dir='ltr'>quia‘ocnlis</span> <span class='ocrx_word' id='word_1_162' title='bbox 847 2014 904 2053; x_wconf 91' lang='lat' dir='ltr'>non</span> <span class='ocrx_word' id='word_1_163' title='bbox 913 1996 1051 2072; x_wconf 87' lang='lat' dir='ltr'>subjacet,</span> <span class='ocrx_word' id='word_1_164' title='bbox 1060 2005 1190 2056; x_wconf 87' lang='lat' dir='ltr'>etrerunr</span> <span class='ocrx_word' id='word_1_165' title='bbox 1201 1997 1295 2057; x_wconf 88' lang='lat' dir='ltr'>intini-</span> 
     </span>
     <span class='ocr_line' id='line_1_19' title="bbox 93 2093 1292 2169; baseline 0.003 -19"><span class='ocrx_word' id='word_1_166' title='bbox 93 2102 156 2150; x_wconf 85' lang='lat' dir='ltr'>tam</span> <span class='ocrx_word' id='word_1_167' title='bbox 169 2093 273 2150; x_wconf 89' lang='lat' dir='ltr'>seriem</span> <span class='ocrx_word' id='word_1_168' title='bbox 288 2094 343 2150; x_wconf 90' lang='lat' dir='ltr'>sibi</span> <span class='ocrx_word' id='word_1_169' title='bbox 358 2093 479 2168; x_wconf 84' lang='lat' dir='ltr'>fingunt,</span> <span class='ocrx_word' id='word_1_170' title='bbox 492 2094 530 2150; x_wconf 89' lang='lat' dir='ltr'>ita</span> <span class='ocrx_word' id='word_1_171' title='bbox 543 2102 574 2149; x_wconf 91' lang='lat' dir='ltr'>ut</span> <span class='ocrx_word' id='word_1_172' title='bbox 589 2093 674 2150; x_wconf 85' lang='lat' dir='ltr'>unius</span> <span class='ocrx_word' id='word_1_173' title='bbox 686 2095 829 2169; x_wconf 84' lang='lat' dir='ltr'>corruptio</span> <span class='ocrx_word' id='word_1_174' title='bbox 843 2094 881 2150; x_wconf 92' lang='lat' dir='ltr'>sit</span> <span class='ocrx_word' id='word_1_175' title='bbox 891 2093 1006 2155; x_wconf 89' lang='lat' dir='ltr'>alterius</span> <span class='ocrx_word' id='word_1_176' title='bbox 1017 2095 1171 2169; x_wconf 85' lang='lat' dir='ltr'>generatio,</span> <span class='ocrx_word' id='word_1_177' title='bbox 1184 2106 1292 2164; x_wconf 84' lang='lat' dir='ltr'>natura,</span> 
     </span>
     <span class='ocr_line' id='line_1_20' title="bbox 92 2189 1293 2266; baseline 0.005 -20"><span class='ocrx_word' id='word_1_178' title='bbox 92 2189 138 2246; x_wconf 91' lang='lat' dir='ltr'>uti</span> <span class='ocrx_word' id='word_1_179' title='bbox 154 2190 241 2256; x_wconf 93' lang='lat' dir='ltr'>aiunt,</span> <span class='ocrx_word' id='word_1_180' title='bbox 259 2191 343 2266; x_wconf 84' lang='lat' dir='ltr'>juxta</span> <span class='ocrx_word' id='word_1_181' title='bbox 363 2190 487 2247; x_wconf 86' lang='lat' dir='ltr'>infinitas</span> <span class='ocrx_word' id='word_1_182' title='bbox 502 2190 743 2247; x_wconf 89' lang='lat' dir='ltr'>combinationum</span> <span class='ocrx_word' id='word_1_183' title='bbox 763 2189 921 2257; x_wconf 80' lang='lat' dir='ltr'>varietates,</span> <span class='ocrx_word' id='word_1_184' title='bbox 940 2189 1076 2266; x_wconf 84' lang='lat' dir='ltr'>perpetub</span> <span class='ocrx_word' id='word_1_185' title='bbox 1091 2205 1206 2260; x_wconf 84' lang='lat' dir='ltr'>mutata,</span> <span class='ocrx_word' id='word_1_186' title='bbox 1222 2194 1293 2265; x_wconf 89' lang='lat' dir='ltr'>quin</span> 
     </span>
     <span class='ocr_line' id='line_1_21' title="bbox 91 2285 1293 2364; baseline 0.005 -21"><span class='ocrx_word' id='word_1_187' title='bbox 91 2297 205 2362; x_wconf 85' lang='lat' dir='ltr'>pereat.</span> <span class='ocrx_word' id='word_1_188' title='bbox 246 2286 390 2352; x_wconf 74' lang='lat' dir='ltr'>Caeterum</span> <span class='ocrx_word' id='word_1_189' title='bbox 403 2289 473 2364; x_wconf 84' lang='lat' dir='ltr'>ipsae</span> <span class='ocrx_word' id='word_1_190' title='bbox 489 2287 611 2345; x_wconf 79' lang='lat' dir='ltr'>materiae</span> <span class='ocrx_word' id='word_1_191' title='bbox 627 2287 807 2352; x_wconf 88' lang='lat' dir='ltr'>mutationes,</span> <span class='ocrx_word' id='word_1_192' title='bbox 819 2305 883 2359; x_wconf 86' lang='lat' dir='ltr'>quae</span> <span class='ocrx_word' id='word_1_193' title='bbox 899 2285 1025 2360; x_wconf 86' lang='lat' dir='ltr'>quotidie</span> <span class='ocrx_word' id='word_1_194' title='bbox 1040 2289 1184 2357; x_wconf 81' lang='lat' dir='ltr'>eveniunt,</span> <span class='ocrx_word' id='word_1_195' title='bbox 1199 2299 1293 2349; x_wconf 87' lang='lat' dir='ltr'>osten-</span> 
     </span>
     <span class='ocr_line' id='line_1_22' title="bbox 91 2381 1294 2458; baseline 0.003 -19"><span class='ocrx_word' id='word_1_196' title='bbox 91 2381 171 2439; x_wconf 91' lang='lat' dir='ltr'>dunt</span> <span class='ocrx_word' id='word_1_197' title='bbox 194 2400 256 2439; x_wconf 89' lang='lat' dir='ltr'>earn</span> <span class='ocrx_word' id='word_1_198' title='bbox 279 2382 355 2441; x_wconf 92' lang='lat' dir='ltr'>haud</span> <span class='ocrx_word' id='word_1_199' title='bbox 378 2401 444 2440; x_wconf 88' lang='lat' dir='ltr'>esse</span> <span class='ocrx_word' id='word_1_200' title='bbox 470 2383 670 2449; x_wconf 86' lang='lat' dir='ltr'>necessariam,</span> <span class='ocrx_word' id='word_1_201' title='bbox 686 2400 751 2440; x_wconf 39' lang='lat' dir='ltr'>,nec</span> <span class='ocrx_word' id='word_1_202' title='bbox 775 2400 901 2454; x_wconf 88' lang='lat' dir='ltr'>unquam</span> <span class='ocrx_word' id='word_1_203' title='bbox 926 2383 1055 2458; x_wconf 88' lang='lat' dir='ltr'>potuisse</span> <span class='ocrx_word' id='word_1_204' title='bbox 1078 2384 1212 2453; x_wconf 84' lang='lat' dir='ltr'>existere,</span> <span class='ocrx_word' id='word_1_205' title='bbox 1237 2386 1294 2443; x_wconf 87' lang='lat' dir='ltr'>nisi</span> 
     </span>
     <span class='ocr_line' id='line_1_23' title="bbox 91 2477 1294 2547; baseline 0.002 -13"><span class='ocrx_word' id='word_1_206' title='bbox 91 2477 191 2535; x_wconf 89' lang='lat' dir='ltr'>aliena</span> <span class='ocrx_word' id='word_1_207' title='bbox 202 2479 315 2536; x_wconf 74' lang='lat' dir='ltr'>virtute.</span> <span class='ocrx_word' id='word_1_208' title='bbox 357 2478 518 2536; x_wconf 77' lang='lat' dir='ltr'>Affinitates</span> <span class='ocrx_word' id='word_1_209' title='bbox 534 2489 627 2534; x_wconf 88' lang='lat' dir='ltr'>autem</span> <span class='ocrx_word' id='word_1_210' title='bbox 641 2489 671 2535; x_wconf 89' lang='lat' dir='ltr'>et</span> <span class='ocrx_word' id='word_1_211' title='bbox 690 2478 918 2536; x_wconf 87' lang='lat' dir='ltr'>combinationes</span> <span class='ocrx_word' id='word_1_212' title='bbox 932 2477 967 2535; x_wconf 91' lang='lat' dir='ltr'>ad</span> <span class='ocrx_word' id='word_1_213' title='bbox 981 2497 1094 2538; x_wconf 88' lang='lat' dir='ltr'>causam</span> <span class='ocrx_word' id='word_1_214' title='bbox 1108 2477 1241 2547; x_wconf 91' lang='lat' dir='ltr'>eandem,</span> <span class='ocrx_word' id='word_1_215' title='bbox 1256 2497 1294 2537; x_wconf 85' lang='lat' dir='ltr'>ex</span> 
     </span>
     <span class='ocr_line' id='line_1_24' title="bbox 92 2573 1293 2650; baseline 0.001 -20"><span class='ocrx_word' id='word_1_216' title='bbox 92 2591 156 2646; x_wconf 89' lang='lat' dir='ltr'>qua</span> <span class='ocrx_word' id='word_1_217' title='bbox 168 2573 232 2650; x_wconf 92' lang='lat' dir='ltr'>ipsa</span> <span class='ocrx_word' id='word_1_218' title='bbox 246 2575 362 2631; x_wconf 88' lang='lat' dir='ltr'>materia</span> <span class='ocrx_word' id='word_1_219' title='bbox 376 2573 491 2649; x_wconf 89' lang='lat' dir='ltr'>prodiit,</span> <span class='ocrx_word' id='word_1_220' title='bbox 507 2573 667 2630; x_wconf 88' lang='lat' dir='ltr'>necessario</span> <span class='ocrx_word' id='word_1_221' title='bbox 681 2573 835 2630; x_wconf 81' lang='lat' dir='ltr'>referende</span> <span class='ocrx_word' id='word_1_222' title='bbox 849 2583 933 2630; x_wconf 81' lang='lat' dir='ltr'>sum:</span> <span class='ocrx_word' id='word_1_223' title='bbox 956 2591 1010 2630; x_wconf 92' lang='lat' dir='ltr'>nec</span> <span class='ocrx_word' id='word_1_224' title='bbox 1024 2573 1127 2644; x_wconf 89' lang='lat' dir='ltr'>aliquis</span> <span class='ocrx_word' id='word_1_225' title='bbox 1141 2573 1224 2631; x_wconf 85' lang='lat' dir='ltr'>facile</span> <span class='ocrx_word' id='word_1_226' title='bbox 1238 2574 1293 2631; x_wconf 89' lang='lat' dir='ltr'>sibi</span> 
     </span>
     <span class='ocr_line' id='line_1_25' title="bbox 92 2667 1292 2744; baseline 0.001 -21"><span class='ocrx_word' id='word_1_227' title='bbox 92 2668 270 2744; x_wconf 82' lang='lat' dir='ltr'>persuaserit</span> <span class='ocrx_word' id='word_1_228' title='bbox 291 2667 513 2743; x_wconf 87' lang='lat' dir='ltr'>pulcherrimum</span> <span class='ocrx_word' id='word_1_229' title='bbox 528 2678 556 2725; x_wconf 89' lang='lat' dir='ltr'>et</span> <span class='ocrx_word' id='word_1_230' title='bbox 569 2677 746 2725; x_wconf 88' lang='lat' dir='ltr'>constantem</span> <span class='ocrx_word' id='word_1_231' title='bbox 767 2685 861 2725; x_wconf 89' lang='lat' dir='ltr'>rerum</span> <span class='ocrx_word' id='word_1_232' title='bbox 876 2667 1005 2725; x_wconf 88' lang='lat' dir='ltr'>ordinem</span> <span class='ocrx_word' id='word_1_233' title='bbox 1027 2667 1093 2724; x_wconf 90' lang='lat' dir='ltr'>inde</span> <span class='ocrx_word' id='word_1_234' title='bbox 1114 2668 1292 2741; x_wconf 86' lang='lat' dir='ltr'>provenisse,</span> 
     </span>
     <span class='ocr_line' id='line_1_26' title="bbox 92 2760 1294 2839; baseline -0.001 -19"><span class='ocrx_word' id='word_1_235' title='bbox 92 2763 154 2820; x_wconf 88' lang='lat' dir='ltr'>nisi</span> <span class='ocrx_word' id='word_1_236' title='bbox 171 2762 232 2822; x_wconf 78' lang='lat' dir='ltr'>Ens</span> <span class='ocrx_word' id='word_1_237' title='bbox 246 2781 359 2821; x_wconf 90' lang='lat' dir='ltr'>summe</span> <span class='ocrx_word' id='word_1_238' title='bbox 379 2763 494 2839; x_wconf 88' lang='lat' dir='ltr'>sapiens</span> <span class='ocrx_word' id='word_1_239' title='bbox 510 2762 623 2838; x_wconf 83' lang='lat' dir='ltr'>singula</span> <span class='ocrx_word' id='word_1_240' title='bbox 637 2760 672 2818; x_wconf 90' lang='lat' dir='ltr'>ad</span> <span class='ocrx_word' id='word_1_241' title='bbox 692 2780 760 2818; x_wconf 87' lang='lat' dir='ltr'>suos</span> <span class='ocrx_word' id='word_1_242' title='bbox 781 2763 865 2827; x_wconf 85' lang='lat' dir='ltr'>lines,</span> <span class='ocrx_word' id='word_1_243' title='bbox 879 2762 976 2818; x_wconf 88' lang='lat' dir='ltr'>omnia</span> <span class='ocrx_word' id='word_1_244' title='bbox 989 2763 1075 2817; x_wconf 88' lang='lat' dir='ltr'>etiam</span> <span class='ocrx_word' id='word_1_245' title='bbox 1088 2761 1124 2818; x_wconf 90' lang='lat' dir='ltr'>ad</span> <span class='ocrx_word' id='word_1_246' title='bbox 1145 2761 1233 2819; x_wconf 87' lang='lat' dir='ltr'>finem</span> <span class='ocrx_word' id='word_1_247' title='bbox 1246 2779 1294 2837; x_wconf 77' lang='lat' dir='ltr'>ge·</span> 
     </span>
     <span class='ocr_line' id='line_1_27' title="bbox 92 2852 1293 2933; baseline 0 -17"><span class='ocrx_word' id='word_1_248' title='bbox 92 2859 221 2916; x_wconf 83' lang='lat' dir='ltr'>neralenr</span> <span class='ocrx_word' id='word_1_249' title='bbox 244 2859 405 2917; x_wconf 84' lang='lat' dir='ltr'>direxisset.</span> <span class='ocrx_word' id='word_1_250' title='bbox 446 2859 561 2917; x_wconf 83' lang='lat' dir='ltr'>infinita</span> <span class='ocrx_word' id='word_1_251' title='bbox 583 2869 718 2933; x_wconf 81' lang='lat' dir='ltr'>preterea</span> <span class='ocrx_word' id='word_1_252' title='bbox 738 2857 828 2912; x_wconf 90' lang='lat' dir='ltr'>series</span> <span class='ocrx_word' id='word_1_253' title='bbox 849 2852 1003 2912; x_wconf 87' lang='lat' dir='ltr'>absurdum</span> <span class='ocrx_word' id='word_1_254' title='bbox 1025 2868 1115 2919; x_wconf 87' lang='lat' dir='ltr'>sonat,</span> <span class='ocrx_word' id='word_1_255' title='bbox 1130 2873 1196 2928; x_wconf 86' lang='lat' dir='ltr'>qnae</span> <span class='ocrx_word' id='word_1_256' title='bbox 1216 2859 1293 2917; x_wconf 86' lang='lat' dir='ltr'>enim</span> 
     </span>
     <span class='ocr_line' id='line_1_28' title="bbox 93 2949 1292 3031; baseline -0.001 -19"><span class='ocrx_word' id='word_1_257' title='bbox 93 2954 224 3028; x_wconf 88' lang='lat' dir='ltr'>quotidie</span> <span class='ocrx_word' id='word_1_258' title='bbox 237 2956 372 3013; x_wconf 88' lang='lat' dir='ltr'>eveniunt</span> <span class='ocrx_word' id='word_1_259' title='bbox 382 2974 475 3013; x_wconf 89' lang='lat' dir='ltr'>rerum</span> <span class='ocrx_word' id='word_1_260' title='bbox 487 2956 575 3021; x_wconf 83' lang='lat' dir='ltr'>vices,</span> <span class='ocrx_word' id='word_1_261' title='bbox 586 2953 784 3031; x_wconf 83' lang='lat' dir='ltr'>generationes</span> <span class='ocrx_word' id='word_1_262' title='bbox 796 2961 825 3009; x_wconf 88' lang='lat' dir='ltr'>ct</span> <span class='ocrx_word' id='word_1_263' title='bbox 838 2949 1051 3028; x_wconf 88' lang='lat' dir='ltr'>productiones,</span> <span class='ocrx_word' id='word_1_264' title='bbox 1061 2951 1163 3011; x_wconf 76' lang='lat' dir='ltr'>senem</span> <span class='ocrx_word' id='word_1_265' title='bbox 1179 2963 1292 3030; x_wconf 78' lang='lat' dir='ltr'>augent,</span> 
     </span>
     <span class='ocr_line' id='line_1_29' title="bbox 92 3048 1293 3128; baseline 0.001 -20"><span class='ocrx_word' id='word_1_266' title='bbox 92 3069 161 3126; x_wconf 79' lang='lat' dir='ltr'>qnae</span> <span class='ocrx_word' id='word_1_267' title='bbox 176 3052 294 3128; x_wconf 88' lang='lat' dir='ltr'>proinde</span> <span class='ocrx_word' id='word_1_268' title='bbox 309 3053 419 3110; x_wconf 82' lang='lat' dir='ltr'>infinita</span> <span class='ocrx_word' id='word_1_269' title='bbox 433 3061 582 3109; x_wconf 89' lang='lat' dir='ltr'>nouerat:</span> <span class='ocrx_word' id='word_1_270' title='bbox 605 3060 743 3126; x_wconf 86' lang='lat' dir='ltr'>repugnat</span> <span class='ocrx_word' id='word_1_271' title='bbox 757 3049 843 3107; x_wconf 90' lang='lat' dir='ltr'>etiam</span> <span class='ocrx_word' id='word_1_272' title='bbox 856 3057 888 3106; x_wconf 89' lang='lat' dir='ltr'>ut</span> <span class='ocrx_word' id='word_1_273' title='bbox 900 3067 937 3106; x_wconf 88' lang='lat' dir='ltr'>ex</span> <span class='ocrx_word' id='word_1_274' title='bbox 951 3048 1039 3106; x_wconf 83' lang='lat' dir='ltr'>linitis</span> <span class='ocrx_word' id='word_1_275' title='bbox 1060 3050 1187 3107; x_wconf 88' lang='lat' dir='ltr'>numeria</span> <span class='ocrx_word' id='word_1_276' title='bbox 1199 3049 1293 3109; x_wconf 86' lang='lat' dir='ltr'>inlini·</span> 
     </span>
     <span class='ocr_line' id='line_1_30' title="bbox 93 3159 297 3224; baseline 0 -20"><span class='ocrx_word' id='word_1_277' title='bbox 93 3160 157 3205; x_wconf 91' lang='lat' dir='ltr'>tum</span> <span class='ocrx_word' id='word_1_278' title='bbox 169 3159 297 3224; x_wconf 82' lang='lat' dir='ltr'>exurgat.</span> 
     </span>
    </p>

    <p class='ocr_par' dir='ltr' id='par_1_5' title="bbox 92 3242 1295 3445">
     <span class='ocr_line' id='line_1_31' title="bbox 137 3242 1293 3319; baseline 0.002 -18"><span class='ocrx_word' id='word_1_279' title='bbox 137 3248 171 3314; x_wconf 73' lang='lat' dir='ltr'>b.</span> <span class='ocrx_word' id='word_1_280' title='bbox 189 3245 287 3302; x_wconf 88' lang='lat' dir='ltr'>Unum</span> <span class='ocrx_word' id='word_1_281' title='bbox 298 3263 328 3300; x_wconf 86' lang='lat' dir='ltr'>se</span> <span class='ocrx_word' id='word_1_282' title='bbox 340 3263 415 3310; x_wconf 89' lang='lat' dir='ltr'>esse,</span> <span class='ocrx_word' id='word_1_283' title='bbox 428 3245 485 3301; x_wconf 90' lang='lat' dir='ltr'>imo</span> <span class='ocrx_word' id='word_1_284' title='bbox 496 3243 621 3308; x_wconf 77' lang='lat' dir='ltr'>iunicum,</span> <span class='ocrx_word' id='word_1_285' title='bbox 632 3243 713 3300; x_wconf 87' lang='lat' dir='ltr'>Deus</span> <span class='ocrx_word' id='word_1_286' title='bbox 724 3261 774 3318; x_wconf 89' lang='lat' dir='ltr'>per</span> <span class='ocrx_word' id='word_1_287' title='bbox 783 3261 879 3300; x_wconf 84' lang='lat' dir='ltr'>sacros</span> <span class='ocrx_word' id='word_1_288' title='bbox 889 3242 1048 3318; x_wconf 83' lang='lat' dir='ltr'>Scriptores</span> <span class='ocrx_word' id='word_1_289' title='bbox 1058 3245 1163 3319; x_wconf 83' lang='lat' dir='ltr'>saepius</span> <span class='ocrx_word' id='word_1_290' title='bbox 1176 3253 1293 3303; x_wconf 88' lang='lat' dir='ltr'>testatus</span> 
     </span>
     <span class='ocr_line' id='line_1_32' title="bbox 92 3327 1295 3445; baseline 0 -49"><span class='ocrx_word' id='word_1_291' title='bbox 92 3349 151 3396; x_wconf 87' lang='lat' dir='ltr'>est.</span> <span class='ocrx_word' id='word_1_292' title='bbox 202 3338 310 3397; x_wconf 88' lang='lat' dir='ltr'>Plurali</span> <span class='ocrx_word' id='word_1_293' title='bbox 332 3338 448 3410; x_wconf 90' lang='lat' dir='ltr'>quidem</span> <span class='ocrx_word' id='word_1_294' title='bbox 474 3356 543 3396; x_wconf 88' lang='lat' dir='ltr'>voce</span> <span class='ocrx_word' id='word_1_295' title='bbox 563 3327 710 3445; x_wconf 59' lang='lat' dir='ltr'>ntffipp</span> <span class='ocrx_word' id='word_1_296' title='bbox 731 3337 896 3415; x_wconf 82' lang='lat' dir='ltr'>designatus</span> <span class='ocrx_word' id='word_1_297' title='bbox 919 3351 964 3394; x_wconf 88' lang='lat' dir='ltr'>est</span> <span class='ocrx_word' id='word_1_298' title='bbox 985 3337 1066 3395; x_wconf 86' lang='lat' dir='ltr'>initio</span> <span class='ocrx_word' id='word_1_299' title='bbox 1090 3339 1250 3407; x_wconf 85' lang='lat' dir='ltr'>Geneseos,</span> <span class='ocrx_word' id='word_1_300' title='bbox 1266 3350 1295 3396; x_wconf 84' lang='lat' dir='ltr'>et</span> 
     </span>
    </p>
   </div>
   <div class='ocr_carea' id='block_1_3' title="bbox 91 3454 1293 4619">
    <p class='ocr_par' dir='ltr' id='par_1_6' title="bbox 91 3454 1293 4107">
     <span class='ocr_line' id='line_1_33' title="bbox 92 3454 1293 3531; baseline 0 -18"><span class='ocrx_word' id='word_1_301' title='bbox 92 3455 166 3514; x_wconf 87' lang='lat' dir='ltr'>alias</span> <span class='ocrx_word' id='word_1_302' title='bbox 180 3455 360 3530; x_wconf 79' lang='lat' dir='ltr'>saepissime3</span> <span class='ocrx_word' id='word_1_303' title='bbox 375 3454 427 3512; x_wconf 92' lang='lat' dir='ltr'>sed</span> <span class='ocrx_word' id='word_1_304' title='bbox 441 3455 526 3512; x_wconf 89' lang='lat' dir='ltr'>trium</span> <span class='ocrx_word' id='word_1_305' title='bbox 541 3474 724 3530; x_wconf 89' lang='lat' dir='ltr'>personarum</span> <span class='ocrx_word' id='word_1_306' title='bbox 738 3455 767 3511; x_wconf 92' lang='lat' dir='ltr'>in</span> <span class='ocrx_word' id='word_1_307' title='bbox 781 3473 838 3512; x_wconf 91' lang='lat' dir='ltr'>una</span> <span class='ocrx_word' id='word_1_308' title='bbox 851 3465 950 3512; x_wconf 88' lang='lat' dir='ltr'>natura</span> <span class='ocrx_word' id='word_1_309' title='bbox 963 3454 1060 3512; x_wconf 90' lang='lat' dir='ltr'>divina</span> <span class='ocrx_word' id='word_1_310' title='bbox 1074 3456 1243 3531; x_wconf 83' lang='lat' dir='ltr'>mysterium</span> <span class='ocrx_word' id='word_1_311' title='bbox 1258 3472 1293 3513; x_wconf 86' lang='lat' dir='ltr'>ea</span> 
     </span>
     <span class='ocr_line' id='line_1_34' title="bbox 91 3550 1292 3629; baseline -0.002 -16"><span class='ocrx_word' id='word_1_312' title='bbox 91 3553 204 3614; x_wconf 74' lang='lat' dir='ltr'>radone</span> <span class='ocrx_word' id='word_1_313' title='bbox 219 3553 353 3621; x_wconf 89' lang='lat' dir='ltr'>innuitur,</span> <span class='ocrx_word' id='word_1_314' title='bbox 366 3564 471 3609; x_wconf 80' lang='lat' dir='ltr'>naturae</span> <span class='ocrx_word' id='word_1_315' title='bbox 483 3552 588 3610; x_wconf 88' lang='lat' dir='ltr'>unitate</span> <span class='ocrx_word' id='word_1_316' title='bbox 600 3554 685 3611; x_wconf 84' lang='lat' dir='ltr'>verbo</span> <span class='ocrx_word' id='word_1_317' title='bbox 697 3552 843 3629; x_wconf 77' lang='lat' dir='ltr'>singulari,</span> <span class='ocrx_word' id='word_1_318' title='bbox 856 3550 932 3627; x_wconf 91' lang='lat' dir='ltr'>quod</span> <span class='ocrx_word' id='word_1_319' title='bbox 943 3570 1058 3627; x_wconf 87' lang='lat' dir='ltr'>semper</span> <span class='ocrx_word' id='word_1_320' title='bbox 1068 3554 1208 3625; x_wconf 84' lang='lat' dir='ltr'>sequitur,</span> <span class='ocrx_word' id='word_1_321' title='bbox 1220 3551 1292 3610; x_wconf 89' lang='lat' dir='ltr'>indi·</span> 
     </span>
     <span class='ocr_line' id='line_1_35' title="bbox 93 3647 1293 3726; baseline 0.001 -19"><span class='ocrx_word' id='word_1_322' title='bbox 93 3661 169 3708; x_wconf 85' lang='lat' dir='ltr'>cata.</span> <span class='ocrx_word' id='word_1_323' title='bbox 211 3649 334 3726; x_wconf 84' lang='lat' dir='ltr'>Moyses</span> <span class='ocrx_word' id='word_1_324' title='bbox 349 3650 455 3707; x_wconf 85' lang='lat' dir='ltr'>idcirce</span> <span class='ocrx_word' id='word_1_325' title='bbox 471 3651 607 3726; x_wconf 90' lang='lat' dir='ltr'>populum</span> <span class='ocrx_word' id='word_1_326' title='bbox 623 3650 808 3709; x_wconf 84' lang='lat' dir='ltr'>israeliticum</span> <span class='ocrx_word' id='word_1_327' title='bbox 824 3667 939 3707; x_wconf 89' lang='lat' dir='ltr'>monere</span> <span class='ocrx_word' id='word_1_328' title='bbox 955 3667 1013 3706; x_wconf 90' lang='lat' dir='ltr'>non</span> <span class='ocrx_word' id='word_1_329' title='bbox 1027 3647 1112 3706; x_wconf 85' lang='lat' dir='ltr'>desiit</span> <span class='ocrx_word' id='word_1_330' title='bbox 1126 3649 1222 3707; x_wconf 88' lang='lat' dir='ltr'>Deum</span> <span class='ocrx_word' id='word_1_331' title='bbox 1230 3651 1293 3708; x_wconf 90' lang='lat' dir='ltr'>uni·</span> 
     </span>
     <span class='ocr_line' id='line_1_36' title="bbox 94 3744 1291 3822; baseline 0.001 -19"><span class='ocrx_word' id='word_1_332' title='bbox 94 3765 163 3805; x_wconf 91' lang='lat' dir='ltr'>cum</span> <span class='ocrx_word' id='word_1_333' title='bbox 178 3764 254 3809; x_wconf 89' lang='lat' dir='ltr'>esse,</span> <span class='ocrx_word' id='word_1_334' title='bbox 270 3745 346 3818; x_wconf 84' lang='lat' dir='ltr'>quod</span> <span class='ocrx_word' id='word_1_335' title='bbox 356 3758 386 3802; x_wconf 91' lang='lat' dir='ltr'>et</span> <span class='ocrx_word' id='word_1_336' title='bbox 400 3745 494 3803; x_wconf 90' lang='lat' dir='ltr'>Deum</span> <span class='ocrx_word' id='word_1_337' title='bbox 509 3746 603 3822; x_wconf 87' lang='lat' dir='ltr'>ipsum</span> <span class='ocrx_word' id='word_1_338' title='bbox 619 3757 766 3806; x_wconf 88' lang='lat' dir='ltr'>testantem</span> <span class='ocrx_word' id='word_1_339' title='bbox 781 3746 915 3804; x_wconf 86' lang='lat' dir='ltr'>exhibet:</span> <span class='ocrx_word' id='word_1_340' title='bbox 928 3753 949 3781; x_wconf 84' lang='lat'>‘⁴</span> <span class='ocrx_word' id='word_1_341' title='bbox 960 3744 1062 3804; x_wconf 84' lang='lat' dir='ltr'>Videte</span> <span class='ocrx_word' id='word_1_342' title='bbox 1077 3745 1153 3818; x_wconf 89' lang='lat' dir='ltr'>quod</span> <span class='ocrx_word' id='word_1_343' title='bbox 1168 3764 1222 3822; x_wconf 81' lang='lat' dir='ltr'>ego</span> <span class='ocrx_word' id='word_1_344' title='bbox 1236 3745 1291 3804; x_wconf 88' lang='lat' dir='ltr'>sim</span> 
     </span>
     <span class='ocr_line' id='line_1_37' title="bbox 93 3839 1293 3917; baseline 0.001 -19"><span class='ocrx_word' id='word_1_345' title='bbox 93 3840 187 3909; x_wconf 83' lang='lat' dir='ltr'>solus,</span> <span class='ocrx_word' id='word_1_346' title='bbox 203 3851 232 3898; x_wconf 91' lang='lat' dir='ltr'>et</span> <span class='ocrx_word' id='word_1_347' title='bbox 254 3842 363 3897; x_wconf 86' lang='lat' dir='ltr'>nonsit</span> <span class='ocrx_word' id='word_1_348' title='bbox 384 3840 456 3897; x_wconf 90' lang='lat' dir='ltr'>alius</span> <span class='ocrx_word' id='word_1_349' title='bbox 470 3839 551 3897; x_wconf 91' lang='lat' dir='ltr'>Deus</span> <span class='ocrx_word' id='word_1_350' title='bbox 574 3850 676 3917; x_wconf 85' lang='lat' dir='ltr'>praeter</span> <span class='ocrx_word' id='word_1_351' title='bbox 690 3840 784 3897; x_wconf 79' lang='lat' dir='ltr'>me.”⁸</span> <span class='ocrx_word' id='word_1_352' title='bbox 824 3839 856 3896; x_wconf 92' lang='lat' dir='ltr'>ld</span> <span class='ocrx_word' id='word_1_353' title='bbox 871 3841 957 3896; x_wconf 87' lang='lat' dir='ltr'>etiam</span> <span class='ocrx_word' id='word_1_354' title='bbox 978 3849 1142 3898; x_wconf 85' lang='lat' dir='ltr'>constanter</span> <span class='ocrx_word' id='word_1_355' title='bbox 1163 3842 1193 3898; x_wconf 92' lang='lat' dir='ltr'>in</span> <span class='ocrx_word' id='word_1_356' title='bbox 1209 3841 1293 3900; x_wconf 87' lang='lat' dir='ltr'>Novo</span> 
     </span>
     <span class='ocr_line' id='line_1_38' title="bbox 95 3934 513 3994; baseline -0.005 0"><span class='ocrx_word' id='word_1_357' title='bbox 95 3937 285 3994; x_wconf 66' lang='lat' dir='ltr'>&#39;resumento</span> <span class='ocrx_word' id='word_1_358' title='bbox 301 3934 513 3993; x_wconf 86' lang='lat' dir='ltr'>traditum&#39;est.⁴</span> 
     </span>
     <span class='ocr_line' id='line_1_39' title="bbox 136 4026 1293 4107; baseline -0.001 -16"><span class='ocrx_word' id='word_1_359' title='bbox 136 4038 167 4091; x_wconf 85' lang='grc'>7.</span> <span class='ocrx_word' id='word_1_360' title='bbox 189 4031 261 4098; x_wconf 78' lang='lat' dir='ltr'>Quae</span> <span class='ocrx_word' id='word_1_361' title='bbox 272 4030 308 4087; x_wconf 92' lang='lat' dir='ltr'>de</span> <span class='ocrx_word' id='word_1_362' title='bbox 316 4031 427 4088; x_wconf 90' lang='lat' dir='ltr'>duobus</span> <span class='ocrx_word' id='word_1_363' title='bbox 437 4031 585 4107; x_wconf 86' lang='lat' dir='ltr'>principiis</span> <span class='ocrx_word' id='word_1_364' title='bbox 597 4029 750 4106; x_wconf 87' lang='lat' dir='ltr'>supremis,</span> <span class='ocrx_word' id='word_1_365' title='bbox 761 4029 837 4088; x_wconf 91' lang='lat' dir='ltr'>bono</span> <span class='ocrx_word' id='word_1_366' title='bbox 847 4028 957 4088; x_wconf 87' lang='lat' dir='ltr'>scilicet</span> <span class='ocrx_word' id='word_1_367' title='bbox 967 4037 996 4086; x_wconf 89' lang='lat' dir='ltr'>et</span> <span class='ocrx_word' id='word_1_368' title='bbox 1007 4026 1092 4096; x_wconf 89' lang='lat' dir='ltr'>malo,</span> <span class='ocrx_word' id='word_1_369' title='bbox 1105 4026 1204 4086; x_wconf 89' lang='lat' dir='ltr'>docuit</span> <span class='ocrx_word' id='word_1_370' title='bbox 1213 4031 1293 4091; x_wconf 90' lang='lat' dir='ltr'>tertio</span> 
     </span>
    </p>

    <p class='ocr_par' dir='ltr' id='par_1_7' title="bbox 98 4123 1293 4202">
     <span class='ocr_line' id='line_1_40' title="bbox 98 4123 1293 4202; baseline 0 -18"><span class='ocrx_word' id='word_1_371' title='bbox 98 4125 239 4184; x_wconf 79' lang='lat' dir='ltr'>Ecclesiae</span> <span class='ocrx_word' id='word_1_372' title='bbox 250 4125 355 4183; x_wconf 80' lang='lat' dir='ltr'>sarculo</span> <span class='ocrx_word' id='word_1_373' title='bbox 364 4125 479 4193; x_wconf 88' lang='lat' dir='ltr'>Manes,</span> <span class='ocrx_word' id='word_1_374' title='bbox 489 4127 523 4184; x_wconf 90' lang='lat' dir='ltr'>ah</span> <span class='ocrx_word' id='word_1_375' title='bbox 532 4126 649 4199; x_wconf 90' lang='lat' dir='ltr'>antiqua</span> <span class='ocrx_word' id='word_1_376' title='bbox 657 4125 844 4184; x_wconf 88' lang='lat' dir='ltr'>Orientalium</span> <span class='ocrx_word' id='word_1_377' title='bbox 857 4125 1048 4202; x_wconf 80' lang='lat' dir='ltr'>Philosophia</span> <span class='ocrx_word' id='word_1_378' title='bbox 1058 4123 1209 4202; x_wconf 89' lang='lat' dir='ltr'>desumpta</span> <span class='ocrx_word' id='word_1_379' title='bbox 1218 4137 1293 4194; x_wconf 90' lang='lat' dir='ltr'>sunt,</span> 
     </span>
    </p>

    <p class='ocr_par' dir='ltr' id='par_1_8' title="bbox 331 4234 1073 4360">
     <span class='ocr_line' id='line_1_41' title="bbox 331 4234 1073 4360; baseline 0.011 -13"><span class='ocrx_word' id='word_1_380' title='bbox 331 4303 369 4360; x_wconf 90' lang='lat'>(1)</span> <span class='ocrx_word' id='word_1_381' title='bbox 386 4299 401 4348; x_wconf 92' lang='lat' dir='ltr'>l.</span> <span class='ocrx_word' id='word_1_382' title='bbox 412 4298 540 4349; x_wconf 80' lang='lat' dir='ltr'>iii.dsltb.</span> <span class='ocrx_word' id='word_1_383' title='bbox 551 4302 601 4350; x_wconf 83' lang='lat' dir='ltr'>arb.</span> <span class='ocrx_word' id='word_1_384' title='bbox 1048 4234 1073 4291; x_wconf 43' lang='lat' dir='ltr'>r</span> 
     </span>
    </p>

    <p class='ocr_par' dir='ltr' id='par_1_9' title="bbox 331 4382 922 4452">
     <span class='ocr_line' id='line_1_42' title="bbox 331 4382 922 4452; baseline 0.005 -19"><span class='ocrx_word' id='word_1_385' title='bbox 331 4387 368 4443; x_wconf 75' lang='lat'>(2)</span> <span class='ocrx_word' id='word_1_386' title='bbox 387 4382 457 4433; x_wconf 82' lang='lat' dir='ltr'>Sum.</span> <span class='ocrx_word' id='word_1_387' title='bbox 472 4386 581 4449; x_wconf 90' lang='lat' dir='ltr'>l.p.qu.</span> <span class='ocrx_word' id='word_1_388' title='bbox 593 4384 718 4436; x_wconf 75' lang='lat' dir='ltr'>itanu.</span> <span class='ocrx_word' id='word_1_389' title='bbox 739 4383 783 4436; x_wconf 77' lang='lat' dir='ltr'>Ad</span> <span class='ocrx_word' id='word_1_390' title='bbox 794 4385 922 4452; x_wconf 79' lang='lat' dir='ltr'>primum.</span> 
     </span>
    </p>

    <p class='ocr_par' dir='ltr' id='par_1_10' title="bbox 332 4469 606 4537">
     <span class='ocr_line' id='line_1_43' title="bbox 332 4469 606 4537; baseline 0.007 -18"><span class='ocrx_word' id='word_1_391' title='bbox 332 4471 375 4537; x_wconf 65' lang='grc' dir='ltr'>β)</span> <span class='ocrx_word' id='word_1_392' title='bbox 389 4469 463 4520; x_wconf 87' lang='lat' dir='ltr'>Dent.</span> <span class='ocrx_word' id='word_1_393' title='bbox 474 4471 552 4520; x_wconf 86' lang='lat' dir='ltr'>xxxii.</span> <span class='ocrx_word' id='word_1_394' title='bbox 565 4474 606 4522; x_wconf 82' lang='grc'>39.</span> 
     </span>
    </p>

    <p class='ocr_par' dir='ltr' id='par_1_11' title="bbox 331 4554 664 4619">
     <span class='ocr_line' id='line_1_44' title="bbox 331 4554 664 4619; baseline -0.003 -5"><span class='ocrx_word' id='word_1_395' title='bbox 331 4555 369 4619; x_wconf 57' lang='grc' dir='ltr'>ὕ)</span> <span class='ocrx_word' id='word_1_396' title='bbox 381 4554 457 4607; x_wconf 76' lang='lat' dir='ltr'>llere.</span> <span class='ocrx_word' id='word_1_397' title='bbox 469 4554 511 4609; x_wconf 83' lang='lat' dir='ltr'>xii.</span> <span class='ocrx_word' id='word_1_398' title='bbox 523 4558 564 4606; x_wconf 78' lang='lat'>28·</span> <span class='ocrx_word' id='word_1_399' title='bbox 652 4579 664 4613; x_wconf 59' lang='lat'>:¹</span> 
     </span>
    </p>
   </div>
   <div class='ocr_carea' id='block_1_4' title="bbox 0 0 1376 5024">
    <p class='ocr_par' dir='ltr' id='par_1_12' title="bbox 0 0 1376 5024">
     <span class='ocr_line' id='line_1_45' title="bbox 0 0 1376 5024; baseline 0 0"><span class='ocrx_word' id='word_1_400' title='bbox 0 0 1376 5024; x_wconf 95' lang='lat' dir='ltr'> </span> 
     </span>
    </p>
   </div>
  </div>
 </body>
</html>
