2744 5024
1032 138 1046 181 Ι
1090 178 1094 185 .

82 245 170 301 u·
256 210 321 323 ἡ
340 237 610 301 rnosnononr
631 232 806 321 nanum
824 236 886 299 nn
903 236 1098 301 surmus

61 414 114 457 'rs
126 399 157 457 in
170 396 252 456 coelis
265 405 295 455 et
304 396 336 454 in
346 405 431 463 terra,
444 395 570 454 risibilia
579 406 609 453 ct
619 394 787 462 irrisibilis,
795 394 858 452 sire
868 392 975 463 throni,
984 395 1048 455 sive
1058 394 1245 461 maionis,

81 496 144 552 sire
157 494 346 571 principatus,
355 493 417 550 sire
430 502 596 568 potestates,
610 491 708 549 omnia
721 509 773 568 per
783 492 889 568 ipsum,
902 492 969 553 etin
983 493 1051 569 ipse
1059 500 1151 551 ercan
1161 478 1260 551 mis

80 588 187 648 Meritd
201 589 287 665 igitur
299 589 374 647 inter
385 606 475 665 opera
485 587 606 645 Domini
621 588 650 645 in
669 587 783 645 antico
795 587 880 647 triam
901 604 1055 664 poemen
1074 596 1245 647 recensentur:

81 683 278 745 “Benedicite
292 685 389 743 omnia
401 703 491 761 opera
503 682 624 741 Domini
644 682 772 742 Domino
793 722 804 739 .
824 723 834 740 .
855 724 864 741 .
887 680 1085 741 ‚benedicite
1106 681 1192 759 angeli
1206 678 1248 737 llo

80 781 152 839 mini
171 779 350 840 Domino.’'¹

123 881 190 935 180.
211 877 340 953 Angelos
362 875 412 935 din
437 887 504 935 ante
516 875 701 952 spectabilem
722 875 861 934 mundum
882 874 1014 934 conditos
1033 873 1131 931 Greci
1150 859 1250 949 pluriq't't

81 974 181 1033 Patres
195 975 365 1041 sentiebant,
379 974 525 1032 nonnullis
538 992 576 1031 ex
587 972 698 1030 Ladois
712 972 942 1050 srrllragantibns.
978 971 1179 1029 Hieronesos
1185 967 1250 1025 dicit:

82 1081 102 1108 ‘⁴
113 1071 174 1129 Sex
188 1071 279 1131 millis
292 1070 415 1129 necdum
429 1070 520 1129 nostri
533 1069 610 1128 orbis
624 1069 780 1145 implentur
791 1070 870 1137 anni,
884 1078 914 1127 et
932 1078 1054 1142 quantas
1075 1067 1154 1143 prins
1166 1061 1251 1122 serni

80 1183 162 1239 tates,
176 1182 283 1245 quanta
295 1184 424 1249 temporo
438 1172 528 1230 luisse
548 1171 739 1231 arbitrandum
753 1182 808 1240 est,
822 1173 854 1230 in
866 1172 970 1245 qusstus
990 1169 1097 1247 angeli,
1111 1168 1207 1234 throni,
1216 1163 1251 1223 do

79 1269 261 1339 minationes,
272 1278 447 1339 ceteraeque
463 1268 579 1325 virtutes
594 1268 744 1325 servierint
754 1268 868 1335 Deo,et
878 1268 985 1339 absque
997 1277 1158 1342 temporum
1168 1260 1253 1319 risibus

79 1372 164 1435 atque
178 1362 333 1429 mensuris,
348 1361 413 1420 Deo
429 1363 559 1439 jubente,
574 1363 752 1421 substiterint
760 1362 810 1420 l”‘
849 1362 955 1420 Ceteri
976 1361 1107 1439 plerique
1123 1378 1171 1418 eos
1189 1351 1255 1415 simul

79 1477 146 1517 curn
160 1458 268 1517 mundo
282 1467 391 1517 creatos
406 1457 586 1517 crediderunt
595 1464 619 1528 ;⁴
632 1479 696 1532 qne
711 1461 851 1518 sentemm
867 1460 930 1536 jam
942 1458 1074 1525 involuit,
1089 1457 1195 1514 favente
1206 1467 1257 1519 ott,-

79 1554 138 1613 cilii
152 1554 354 1614 Latersnensis
367 1556 422 1613 snb
436 1555 605 1614 innocentio
619 1556 675 1615 ΙΙΙ.
689 1554 816 1623 decreto,
828 1556 859 1613 in
873 1572 932 1627 qno
945 1554 1048 1613 dicitur
1069 1563 1090 1589 ⁸⁶
1100 1552 1178 1611 Dens
1189 1543 1255 1607 sind

79 1649 114 1707 ab
128 1650 211 1710 initio
224 1651 362 1727 temporis
376 1660 527 1724 utramque
540 1651 575 1709 de
589 1651 683 1711 nihilo
693 1651 857 1711 condidisse
870 1659 1038 1725 creaturam,
1051 1659 1080 1708 et
1093 1645 1255 1725 spirimalsut

1 1823 3 1830 y
80 1757 109 1803 et
124 1748 313 1825 corporalem,
328 1749 499 1827 angelicam,
514 1749 658 1817 videlicet,
673 1760 702 1807 et
715 1747 907 1808 humanam.”
944 1747 1013 1804 Vox
1027 1756 1122 1805 autem
1144 1735 1260 1803 “simul'’

1 1871 3 1878 ·
73 1843 358 1919 pariteraliquando
379 1844 541 1921 significat:
561 1844 687 1918 ideoque
706 1845 834 1921 insignes
855 1842 998 1914 Theologi
1018 1841 1198 1906 remotionen,
1210 1842 1260 1915 pust

2 1940 12 1997 .’
80 1940 115 1997 S.
131 1941 277 2002 Thomam
291 1942 475 2014 Aquinatem,
489 1941 611 1999 fatentur
625 1943 792 2001 Graecornm
807 1940 1001 2018 opinationem
1015 1957 1073 1997 non
1087 1956 1152 1996 esse
1166 1937 1260 2000 dam

80 2042 150 2103 tam,
164 2037 322 2112 presertim
337 2053 426 2108 quum
440 2045 551 2093 constet
564 2046 690 2093 mentem
711 2036 827 2095 concilii
840 2035 932 2093 fuisse
950 2033 1086 2111 Origenis
1106 2033 1219 2110 rejicere
1230 2023 1265 2085 οὶ·

78 2146 186 2196 rorem,
199 2130 251 2201 qui
271 2128 388 2205 putabat
401 2147 447 2185 res
467 2139 629 2205 corporatur
650 2129 779 2189 conditas
793 2149 829 2189 eo
843 2129 967 2189 consilio
978 2140 1010 2187 ut
1029 2129 1066 2186 iis
1087 2128 1210 2207 Spiritus
1227 2122 1269 2182 de·

79 2223 254 2296 linquentes,
269 2225 356 2282 veluti
370 2224 542 2293 carceribus,
558 2227 587 2284 in
608 2246 724 2304 poenam
738 2227 930 2287 admissorum
947 2224 1169 2285 includerentur.
1208 2223 1274 2283 '1¹1²‘

80 2318 214 2379 didernnt
226 2320 334 2380 idcirco
354 2331 449 2397 patres
470 2323 678 2384 Lateranenses
699 2326 834 2385 hemines
847 2325 1022 2402 angelosque
1043 2325 1149 2400 pariter
1160 2328 1274 2385 crestoss

81 2433 119 2473 ex
132 2417 269 2492 primario
283 2417 341 2476 Dei
354 2418 485 2486 consilio,
500 2421 570 2493 quin
586 2421 621 2478 de
637 2432 764 2500 tempore
777 2421 885 2496 aliquid
899 2421 1065 2481 definirent.

123 2515 191 2569 181.
214 2512 248 2570 ln
263 2513 336 2572 coelo
349 2515 414 2591 ipso
428 2531 576 2595 empyreo,
590 2518 639 2575 ubi
655 2519 716 2594 jam
731 2518 855 2596 gaudent
868 2526 979 2575 mentes
993 2517 1092 2583 bestie,
1107 2517 1203 2594 angeli
1212 2518 1274 2576 co¹

79 2607 134 2667 diti
152 2610 298 2669 nonnullis
313 2610 455 2670 videntur.
495 2612 529 2671 Id
544 2613 666 2672 affirmat
680 2615 711 2674 S.
727 2615 884 2681 Thomas‚⁵
903 2615 951 2672 cui
970 2613 1083 2689 preivit
1102 2612 1274 2674 Bernardu⁵

82 2713 101 2740 “
111 2705 146 2765 In
160 2708 234 2765 coelo
247 2707 325 2766 enim
339 2707 443 2766 cecidit
452 2710 571 2785 angelus
585 2712 639 2767 sub
653 2711 806 2786 presentia
818 2706 1019 2767 divinitatis.'’⁸
1051 2707 1176 2766 Constat
1189 2717 1274 2769 aute!

80 2821 132 2863 eos
146 2823 206 2865 non
217 2806 312 2863 statim
328 2806 423 2865 Deum
438 2806 544 2864 vidisse
557 2826 568 2875 ;
582 2817 755 2884 quapropter
768 2825 820 2865 rex
841 2805 1009 2881 Babylonis,
1024 2804 1130 2863 coslum
1145 2815 1274 2882 conseer

81 2919 164 2961 surus
179 2903 340 2969 exhibetur,
354 2903 480 2979 imagine
494 2914 620 2961 mutuata
634 2923 650 2960 a
663 2905 798 2962 Lucifero
808 2904 927 2981 gloriam
942 2901 1089 2959 coeleetern
1100 2903 1162 2960 suis
1176 2905 1273 2963 viribv‘

80 3000 242 3057 ambiente:
267 3007 286 3034 ‘⁴
297 2997 332 3054 In
346 2997 451 3055 coelum
462 2999 666 3069 conscendam,
674 3020 762 3078 super
775 3012 849 3059 astra
859 3001 916 3060 Dei
925 2999 1056 3057 exaltabo
1067 2998 1175 3058 solium
1188 3015 1273 3061 meur

82 3135 92 3150 .
115 3124 123 3141 ·
146 3133 155 3150 .
176 3092 279 3149 similis
295 3109 344 3149 ero
357 3091 558 3150 Altissimo.”⁷

125 3190 190 3242 182.
215 3184 343 3260 Angelos
357 3186 473 3260 spiritus
488 3205 553 3245 esse
567 3206 693 3257 nveopoaeo
711 3191 794 3249 tradit
814 3189 963 3250 manifesti)
986 3188 1144 3264 Scriptura,
1158 3208 1273 3268 semper

83 3298 138 3355 que
161 3278 281 3336 credidit
298 3279 451 3353 Ecclesia:
473 3285 537 3351 Οὐχί
548 3285 635 3346 πάντες
651 3287 697 3340 εἰσί
708 3286 863 3358 tremet
879 3286 1006 3352 ariopalto
1028 3290 1047 3319 ‘⁶
1060 3283 1169 3342 Nonne
1183 3304 1273 3345 omne

82 3385 151 3433 sunt
158 3373 387 3433 administratorii
400 3374 518 3450 spiritus
526 3372 573 3430 i''⁸
602 3372 746 3430 Gaeterum
758 3373 872 3431 suerunt
883 3376 932 3447 qni
943 3394 993 3432 eos
1002 3377 1204 3436 existimarent
1212 3380 1271 3438 ban

82 3473 201 3532 omnino
216 3473 342 3549 corporis
357 3481 500 3550 expertes,
513 3489 595 3530 aerea
608 3471 685 3528 enim
697 3478 726 3527 et
736 3471 825 3545 ignee.
834 3471 891 3528 iliis
902 3473 1071 3533 tribuebant.
1100 3474 1176 3533 Haee
1191 3487 1270 3539 tame

83 3568 209 3644 opinatio
233 3569 435 3629 nonnullorum
452 3571 512 3646 jam
535 3569 572 3626 ab
596 3566 728 3624 omnibus
748 3564 882 3624 derelicta
903 3577 956 3635 est,
972 3570 1027 3641 qui·
1044 3570 1174 3646 Angelos
1197 3591 1272 3648 puro

83 3682 148 3723 esse
162 3666 294 3741 spiritus,
305 3666 382 3724 nulla
395 3666 524 3724 materiei
538 3662 739 3739 conjunctione
759 3672 902 3738 gravam,
916 3682 981 3722 cum
997 3665 1142 3742 preclaris
1165 3673 1272 3729 anoton

250 3958 287 4016 (Ι)
306 3954 361 4003 001.
372 3952 389 4005 i.
403 3956 442 4002 16.

250 4043 288 4101 (A)
307 4037 371 4088 Deua
382 4038 417 4088 iii.
428 4040 470 4088 57.

250 4124 288 4182 (³)
306 4120 344 4169 In.
353 4137 374 4170 c.
383 4122 400 4170 i.
411 4136 448 4184 cp.
460 4121 490 4170 ad
501 4120 595 4169 Titurn-

250 4206 287 4266 (4)
306 4203 397 4267 Epiph.
408 4202 466 4252 her.
474 4206 514 4252 65.
525 4220 551 4253 n.
562 4205 586 4252 t.
594 4207 617 4253 5.

252 4292 289 4351 (5)
308 4288 468 4353 sumtpn.
477 4304 518 4352 qn.
530 4291 569 4338 61.
580 4291 660 4341 arti,
1078 4324 1081 4329 -

250 4377 288 4436 (t)
306 4373 384 4422 Serm.
396 4373 426 4423 de
436 4374 512 4436 ligno,
523 4375 597 4436 soeno,
608 4383 633 4426 et
644 4375 741 4441 stipulo,
752 4375 825 4427 modo
837 4391 908 4434 serm.
920 4379 952 4428 30
964 4375 994 4427 de
1002 4376 1088 4429 dreis
1099 4369 1103 4376 ’

252 4465 289 4522 (7)
305 4458 374 4509 isaie
384 4459 434 4509 xiv.
449 4462 487 4509 13.

252 4548 289 4605 (8)
307 4544 371 4595 Heb·
382 4544 397 4594 ἰ
412 4546 449 4594 ll,
