2744 5024
373 231 430 293 DE
453 231 626 293 GRATIAE
648 232 955 297 NECESSITATE.
1031 234 1048 303 f:
1206 251 1269 308 m

1090 320 1107 347 ³

68 385 196 459 praeisse
211 389 440 464 perseverantiae,
454 408 543 464 quum
558 391 621 449 aliis
636 390 800 469 denegetur,
815 411 889 466 quos
903 393 1005 453 iterum
1018 395 1179 476 relapsuros
1194 380 1294 480 pie·

73 479 147 539 uidit.
187 482 221 540 ld
236 483 292 542 dici
318 492 418 561 posset
437 494 468 543 ut
484 485 658 561 judiciorum
672 486 835 546 divinorum
857 489 975 561 aequitas
995 493 1169 562 ostendatur,
1195 499 1265 569 quin

78 589 201 650 nqnstnr
215 580 410 657 poenitentinm
425 581 510 639 tribui
523 583 560 640 ob
575 582 651 640 illam
673 582 884 659 precisionem.
925 585 1099 658 Equidem'
1092 609 1122 648 m
1139 589 1265 653 divinum

83 672 185 748 gloriam
201 675 287 744 cedit,
312 675 391 749 qnod
402 676 444 737 illi
459 677 658 754 perseverent:
680 688 709 736 et
724 680 835 756 justum
861 681 1018 741 ostenditur
1033 684 1186 760 judicium,
1208 707 1267 761 quo

85 786 130 828 non
141 773 361 848 perseveraturis
374 770 445 833 illud
459 774 633 849 penitentie
647 774 754 832 donum
773 774 936 851 denegatur.
979 777 1123 838 Caurum
1144 782 1266 841 dubitari

88 883 131 924 non
143 877 235 943 potest
249 869 333 925 tribui
348 868 383 926 iis
399 867 570 941 aliquando:
592 868 714 941 ideoque
729 870 886 928 similitudo
912 871 960 929 illa
975 891 1031 932 non
1047 874 1164 934 exhibet
1178 886 1270 936 totam

88 965 163 1040 patin
188 965 388 1024 oeeonomiam.
429 967 571 1024 Praeterea
595 965 723 1025 divinum
745 967 883 1025 auxilium
908 978 938 1027 ut
959 970 1024 1042 quir
1044 989 1076 1028 se
1098 972 1265 1033 delicturum
1294 1007 1300 1014 ·

55 1060 61 1069 “
88 1060 204 1133 peniteat
217 1061 409 1118 necessarium
425 1060 491 1119 inde
505 1060 672 1118 ostenditur.

49 1196 52 1201 -
117 1156 157 1212 tt.
183 1152 248 1233 Obj.
265 1160 293 1213 3.
315 1156 458 1224 Justinus,
483 1155 625 1214 Ethnicos
648 1157 791 1223 homines,
817 1157 923 1214 rationi
942 1159 1144 1233 obsequentes,
1177 1162 1267 1222 chris·

84 1248 154 1306 tianis
178 1252 339 1308 accensuit:
371 1252 586 1323 “Quicumque
602 1271 667 1309 cum
690 1253 810 1318 ratione,
836 1271 869 1308 ac
883 1254 969 1310 verbo
991 1255 1098 1322 vixere,
1121 1257 1266 1317 christiani

81 1355 147 1415 sunt,
170 1349 300 1418 quamvis
315 1348 402 1415 athei,
426 1360 455 1406 et
468 1348 574 1406 nullius
589 1349 715 1406 numinis
737 1348 860 1406 cultores
881 1348 969 1406 habiti
984 1351 1050 1418 sint,
1073 1354 1171 1425 quales
1193 1356 1268 1413 inter

10 1508 12 1521 Ι
79 1439 189 1499 Grecos
204 1443 283 1500 luere
297 1444 439 1510 Socrates,
456 1443 630 1508 Heraclitus,
646 1454 730 1515 atque
745 1443 780 1500 iis
792 1443 950 1501 similes.”¹

119 1540 158 1602 30.
180 1539 268 1616 Rerp.
289 1538 307 1596 J
310 1540 420 1597 ustinus
432 1558 467 1597 eo
479 1538 536 1596 loci
551 1539 672 1596 occurrit
683 1538 836 1613 objectioni
850 1557 887 1595 ex
901 1540 1008 1597 recenti
1020 1539 1130 1599 Christi
1144 1543 1269 1611 interris

77 1630 196 1693 doctrina
209 1635 377 1711 desumptae,
391 1635 467 1709 quod
481 1635 592 1692 scilicet
605 1635 653 1706 qni
669 1644 750 1691 antea
763 1635 891 1692 vixerant
902 1637 1027 1693 insontes
1040 1624 1271 1705 essentullx'drat

77 1731 159 1788 enim:
181 1742 199 1767 “
213 1732 361 1789 Christum
377 1732 598 1808 primogenitum
614 1731 670 1788 Dei
683 1748 748 1787 esse
762 1749 796 1787 ac
810 1732 961 1788 Rationem
977 1732 1064 1798 illam,
1084 1730 1166 1809 cujus
1179 1754 1267 1792 omne

79 1821 218 1884 hominum
231 1847 322 1903 genus
336 1828 462 1904 particep
472 1837 541 1892 sest,
551 1827 703 1882 didicimus
718 1836 746 1882 et
756 1844 843 1900 supra
852 1825 1087 1884 declaravimus.'’
1110 1830 1170 1885 Eos
1181 1832 1268 1906 igitur

80 1935 147 1989 quos
160 1924 293 1989 nominat,
309 1935 447 1995 quatenns
462 1923 579 1979 rationis
594 1921 747 1977 dictamina
759 1931 916 1986 servarunt,
932 1920 1016 1978 Verbi
1029 1922 1129 1989 divini,
1145 1941 1268 1984 summae

81 2016 197 2087 rationis,
212 2019 282 2076 dicit
295 2019 458 2094 participes,
473 2026 502 2074 et
516 2032 551 2073 eo
565 2034 652 2072 sensu
668 2015 859 2072 Christianos.
900 2015 998 2072 Latior
1012 2008 1072 2073 hae'c
1088 2018 1165 2073 vocis
1181 2018 1267 2094 hujus

83 2115 225 2188 acceptatio
239 2132 298 2170 non
313 2123 405 2189 potest
418 2113 446 2169 in
465 2122 661 2187 argumentum
677 2109 752 2177 duci,
782 2128 869 2182 quum
886 2111 948 2186 ipse
963 2111 1032 2168 alias
1047 2114 1197 2187 exprobret
1217 2113 1269 2172 Ju·
1355 2160 1360 2171 .

83 2201 143 2264 deis
156 2210 227 2281 quod
242 2212 305 2266 sine
320 2226 372 2285 spe
386 2211 416 2266 in
427 2209 491 2265 Deo
506 2209 626 2264 salutern
639 2207 693 2263 sibi
708 2207 909 2282 polliceantur:
934 2209 1026 2264 verbis
1038 2210 1145 2284 quippe
1161 2210 1267 2267 Psaltis

83 2294 236 2363 doctrino
251 2305 411 2380 explicatis,
437 2305 541 2376 quibus
561 2321 614 2360 neo
635 2301 799 2359 fortitudine
819 2318 881 2369 ena,
904 2322 957 2361 nec
977 2305 1117 2379 sapientia
1138 2307 1266 2374 innixus,

84 2389 165 2458 Deum
177 2421 213 2459 ne
224 2401 352 2458 discedat
362 2402 395 2458 ab
407 2401 456 2458 illo
467 2411 537 2465 orat,
548 2399 708 2474 subjungit:
726 2409 745 2434 ‘⁸
756 2399 900 2470 quomodo
914 2419 963 2458 ror
976 2410 1004 2457 et
1018 2401 1065 2458 alii
1080 2403 1127 2472 qui
1144 2404 1205 2460 sine
1221 2404 1268 2460 illa

81 2502 127 2563 spe
140 2499 254 2555 salutem
271 2498 438 2573 expectatis,
460 2515 517 2553 non
533 2515 550 2551 a
563 2496 776 2570 vobismetipsis
791 2514 841 2551 vos
856 2495 951 2571 decipi
965 2499 1094 2572 cogitatis
1105 2497 1153 2552 2⁹⁹²
1194 2498 1268 2556 Haec

78 2594 195 2654 cotesto
210 2595 364 2652 ostendunt
377 2594 523 2650 hominem
538 2604 710 2665 quemqnam
726 2608 777 2647 sua
790 2591 939 2666 sapientia,
956 2593 1000 2648 vel
1013 2595 1129 2658 viribus,
1146 2594 1266 2653 salutern

74 2688 129 2744 nun
144 2708 228 2766 posse
245 2689 393 2762 consequi
1210 2690 1268 2755 ³5*

111 2787 158 2843 31.
174 2786 251 2864 ooj.
267 2790 297 2842 4.
319 2785 513 2843 TotaChrrstr
529 2792 558 2840 et
571 2781 775 2857 Apostolorum
790 2778 952 2855 praedicatio
967 2780 1001 2836 ad
1017 2776 1148 2837 homines
1163 2780 1268 2840 directa

68 2881 123 2947 ⁰⁸t,
137 2901 170 2939 ea
185 2884 293 2939 ratione
308 2879 373 2952 qu'ae
374 2856 493 2938 indicat
507 2897 557 2936 eos
575 2895 660 2952 posse
675 2895 726 2950 pro
738 2876 864 2931 libertate
879 2893 930 2931 sua
944 2875 971 2930 ei
986 2875 1135 2930 assentiri:
1160 2877 1268 2933 “Prae-

64 2960 160 3036 d¹cate
189 2978 379 3052 Evangelium
406 2976 485 3032 omni
510 2983 665 3030 creotnrae:
690 2972 738 3042 qui
765 2970 924 3035 crediderit,
939 2980 968 3025 et
992 2970 1149 3044 baptizatus
1173 2972 1266 3038 tuterit,
1323 2969 1329 2975 ’

18 3076 22 3081 ’
60 3067 249 3138 ⁸alvnserit3
273 3072 323 3143 qui
344 3069 481 3126 verhnon
503 3067 661 3131 crediderit,
684 3064 965 3122 condemnabitur.”³
1005 3065 1094 3141 Igitur
1121 3069 1266 3143 proposita

50 3145 125 3227 Dei
139 3171 204 3243 lege
230 3173 319 3243 penos
332 3184 385 3224 nos
406 3165 489 3223 estei
505 3164 635 3220 assentiri
650 3173 678 3220 et
698 3164 919 3238 obtemperare*
930 3164 1037 3234 absque
1057 3160 1116 3221 ullo
1140 3164 1267 3223 interiori

55 3262 210 3331 ⁸¹1bsidio,
226 3263 261 3320 de
276 3282 333 3335 quo
349 3263 460 3338 penitus
475 3259 582 3317 siletur.

107 3366 158 3419 32.
181 3359 271 3435 Resp
293 3359 401 3429 Utique
427 3355 534 3432 pollent
557 3355 687 3411 homines
712 3355 802 3411 libero
829 3356 952 3422 arbitrio,
975 3366 1004 3412 ct
1033 3374 1121 3431 penes
1146 3375 1197 3414 eos
1224 3367 1267 3415 est

48 3434 231 3532 Evangelio
253 3454 392 3520 assentiri,
409 3451 453 3508 vel
475 3468 648 3526 repugnare:
670 3467 705 3505 co
726 3459 821 3505 tamen
842 3450 1018 3515 discrimine,
1034 3451 1110 3521 quod
1132 3470 1267 3510 assensus

46 3544 200 3608 ιιἲὶὶιιίειτίε
214 3550 378 3625 praebeotur,
395 3546 458 3603 Deo
468 3546 639 3603 intellectum
651 3543 815 3607 illustrante,
830 3553 859 3598 et
872 3555 1004 3598 movente
1018 3543 1200 3611 voluntatem,
1210 3540 1267 3602 dis

43 3643 173 3704 ⁸ett's'us
183 3655 303 3702 econtra
312 3645 345 3700 ab
361 3642 476 3699 homine
491 3641 546 3698 sibi
561 3639 658 3695 relicto
669 3636 824 3713 proveniet.
847 3634 991 3708 Equidem
1003 3636 1101 3706 quod'
1094 3648 1123 3692 tn
1138 3637 1202 3694 loco
1217 3641 1267 3696 ob-'

36 3738 144 3799 tecto
166 3741 256 3798 divini
270 3739 392 3796 auxilii
383 3758 440 3795 non
456 3740 503 3794 tiat
517 3737 634 3801 mentio,
650 3753 707 3791 non
718 3734 820 3799 obstat,
843 3740 931 3803 quum
953 3731 1060 3788 alias
1037 3731 1145 3807 saepi'u's
1159 3731 1268 3792 dicatur

42 3821 143 3894 fides
165 3836 222 3893 Dei
238 3834 355 3902 donum,
371 3852 407 3892 err
423 3833 486 3910 ejus
501 3831 590 3909 gratia
604 3840 632 3887 et
646 3829 768 3887 bonitate
782 3827 951 3905 proiectum.

139 4052 150 4116 )
170 4049 244 4112 Apol
256 4049 272 4098 i.
286 4049 344 4098 alias
356 4048 381 4097 ii.
393 4064 417 4096 n.
428 4049 470 4095 46.

139 4136 149 4200 )
121 4135 234 4184 :Diei
246 4150 303 4183 cum
314 4133 457 4198 Tryphone,
468 4147 493 4181 n.
507 4134 562 4181 102.

117 4220 236 4278 3.)Marc
248 4221 297 4269 xvi.
312 4223 350 4267 l5.

134 4311 143 4367 )
155 4304 284 4354 Unitnriari
296 4305 448 4368 Miscellany,
459 4302 524 4352 voh'
517 4319 532 4351 1.
544 4319 569 4366 p.
579 4303 620 4351 21.
644 4300 794 4350 Bnrnesius'
788 4315 840 4364 ipse
851 4300 913 4349 inter
923 4300 1004 4362 metim
1016 4295 1205 4362 significationes
1216 4311 1267 4349 non

108 4052 134 4115 (l

108 4136 136 4199 (2

107 4226 116 4278 l

107 4306 133 4363 (4

38 4381 179 4439 ¹'boenset
191 4405 245 4439 enm
257 4406 310 4453 qun
322 4390 348 4439 in
360 4390 441 4439 haere
452 4387 572 4454 precipua
583 4395 627 4436 est.
661 4386 725 4435 Vide
738 4385 810 4438 Note:
821 4401 853 4436 ort
865 4383 905 4436 tue
916 4400 955 4451 ep
949 4390 989 4435 to
1002 4385 1123 4446 Rornons,
1137 4382 1194 4433 ch'
1184 4401 1202 4433 t.
1210 4400 1233 4434 o.
1243 4388 1267 4434 7.
