2730 5018
469 113 530 176 DE
547 112 769 175 (iliffllffl
788 114 961 177 uttam
981 114 1166 175 NATURA.

349 589 497 650 catur
516 590 558 649 11.
598 590 657 649 nt:
678 589 897 648 uua‘rutua
918 588 1091 648 GRATIAE
1112 587 1297 647 NATURA.

584 766 901 825 Sammauxoaua
915 783 1062 823 anonas.

10 878 144 985 *5³²⁸ss
261 922 311 979 id.
332 919 467 980 Julianus
480 916 669 998 Pelagianuua
681 941 807 980 errorem
833 933 865 979 ut
878 922 965 979 tutius
978 916 1143 979 defenderat
1161 920 1308 1000 mitigasse
1336 950 1359 971 ι·

221 1027 277 1080 tur,
290 1015 370 1087 quod
382 1026 413 1074 et
424 1017 488 1074 aliis
502 1016 579 1074 illius
593 1029 678 1075 sectae
690 1018 820 1094 contigit,
834 1017 952 1093 gratiam
964 1018 1081 1074 nomine
1095 1027 1178 1075 tenus
1194 1016 1360 1096 agnoscenti

10 1096 29 1141 ¹·
44 1109 142 1193 {ifflle
225 1108 276 1185 qai
288 1120 384 1170 tamen
396 1132 462 1171 eam
475 1112 536 1170 dari
556 1133 611 1190 pro
623 1115 731 1171 arbitrii
743 1132 799 1172 usu
812 1113 1030 1171 contendebant.
1071 1110 1289 1179 Massilienses,
1312 1113 1363 1186 qui

10 1266 32 1319 ἰ,
90 1214 141 1278 ἓξ,-
226 1222 292 1267 mou
305 1209 342 1265 ab
354 1209 424 1266 urbe
439 1209 597 1276 Massilia
617 1209 648 1267 in
661 1209 777 1276 Galliis,
799 1227 889 1286 prope
903 1228 989 1282 quam
1003 1208 1152 1285 degebant.
1166 1208 1259 1267 sortiti
1272 1218 1350 1277 aunt

21 1289 147 1365 “Qu
229 1303 370 1381 asinum
382 1305 691 1373 modumexwasioee,
705 1307 735 1364 in
750 1306 906 1383 Pelagiano
926 1305 1082 1365 refellendo
1095 1323 1200 1373 serora,
1215 1305 1360 1379 quarcban

10 1375 155 1527 wilgisus
231 1412 314 1471 quum
327 1397 386 1476 ipsi
398 1400 496 1476 potins
509 1399 628 1459 humani
641 1401 748 1474 aliquid
764 1403 842 1477 passi
856 1402 957 1459 sintin
969 1402 1066 1479 gratia
1077 1419 1182 1460 acano
1196 1399 1335 1469 uuanda,
1357 1429 1360 1443 ι

10 1556 63 1607 ,τῇ
75 1570 90 1596 4
237 1492 353 1570 alioquin
363 1497 512 1570 sanctique
520 1496 585 1555 riri.
626 1497 799 1556 Fatebantur
811 1500 908 1575 gratiae
921 1499 1031 1557 auxilio
1044 1517 1118 1576 opus
1129 1517 1194 1557 esse
1205 1510 1237 1555 ut
1250 1498 1315 1571 quis
1328 1516 1352 1555 a

57 1646 65 1654 .
238 1607 313 1668 opera
325 1586 494 1668 perficeret:
515 1593 603 1652 tidem
617 1592 684 1651 veri
699 1613 737 1652 ex
750 1594 903 1653 voluntatis
927 1595 1042 1652 arbitrio
1067 1593 1191 1671 pendere
1206 1595 1352 1672 putabant,

10 1649 152 1738 093ὼὲΙῖ
230 1686 376 1762 -tanuod
399 1689 526 1764 primum
540 1689 715 1748 desiderium
736 1690 846 1756 salutis,
871 1704 900 1748 et
914 1689 982 1749 fidei
1003 1691 1115 1747 initium
1136 1690 1224 1748 homo
1243 1689 1306 1748 suis
1321 1689 1348 1747 vi

10 1734 67 1785 tur
88 1764 174 1871 ³¹³}-
242 1781 330 1843 hahere
353 1786 478 1861 posset.⁸
505 1786 793 1865 „Auguuinianenses
809 1785 925 1860 quidam
950 1796 1050 1863 putant
1073 1804 1124 1845 eos
1146 1785 1259 1844 tandem
1275 1804 1361 1864 agno

10 1806 17 1856 l

10 1830 68 1945 ,ειη
92 1856 151 1957 ³⁸ss
238 1879 590 1960 grationtilluatraiionia
604 1885 794 1942 neeessariam
811 1902 887 1950 esse,
902 1884 986 1941 etiarn
1001 1884 1036 1941 ad
1051 1882 1118 1941 fidei
1132 1883 1265 1940 initium:
1288 1902 1345 1942 non

238 1978 380 2038 voluntatis
403 1981 533 2055 gratiam,
560 1999 646 2054 quarn
672 1991 775 2038 rorant
799 1980 1025 2057 inspirationem
1049 1978 1239 2038 dilectionis.⁸
1279 1981 1337 2038 Atti

95 2072 122 2157 „⁸
228 2074 390 2135 'l'lacmistis
399 2077 546 2154 nonnullis
558 2077 631 2134 ultra
644 2079 871 2154 progrediuntur.
882 2079 1009 2135 dicentes
1020 2074 1329 2153 gratianensem,
1341 2096 1360 2152 q

92 2156 117 2194 Ὗ
210 2170 338 2230 scilicet
350 2170 482 2228 voluntas
495 2191 548 2247 pro
562 2184 631 2229 nutu
643 2173 762 2250 recipiat
775 2174 821 2230 vel
835 2172 953 2248 rejiciat,
968 2173 1003 2229 ab
1018 2172 1054 2229 iis
1069 2171 1223 2230 admissam
1236 2191 1244 2238 3
1268 2183 1352 2248 prout

210 2266 332 2326 docent
354 2267 524 2340 Molinistoe,
557 2287 630 2341 quos
659 2268 778 2346 proinde
804 2269 1007 2361 insimulabant
1030 2267 1099 2326 olim
1127 2267 1361 2346 Semipalagiani

202 2365 286 2435 sed
303 2367 393 2425 obstat
416 2365 550 2424 damnata
571 2377 670 2439 quarta
689 2367 819 2425 lansenii
845 2352 1014 2444 propositio,
1036 2376 1064 2425 ct
1084 2366 1258 2425 Pontificum
1278 2376 1360 2424 aucto

202 2473 326 2519 vetans
347 2480 384 2519 ne
404 2481 526 2520 censura
546 2462 672 2521 inuratur
693 2464 849 2522 Catholicae
870 2463 977 2520 schola
998 2463 1170 2520 serttentiaa.⁴
1218 2462 1346 2529 Quosdar

198 2554 297 2617 vim
313 2558 509 2617 misericordia
528 2559 595 2617 fidei
616 2560 692 2618 dono
706 2560 819 2627 ditatos,
835 2562 920 2618 nullis
940 2578 1038 2618 corum
1060 2558 1286 2636 precedentibus
1308 2578 1353 2615 mc

111 2716 116 2723 ,
205 2643 428 2713 Massilienses
439 2674 498 2713 non
512 2655 722 2726 diffitebantur3
743 2657 794 2715 sed
809 2658 880 2714 alios
895 2676 947 2732 pro
961 2656 1053 2714 liberii
1068 2656 1174 2714 arbitrii
1188 2655 1334 2713 conatibus
1352 2669 1362 2712 t

213 2740 304 2810 (lutto
318 2762 494 2818 muneratos,
520 2769 557 2809 ex
571 2752 702 2823 aequitate
717 2752 837 2824 quadam
853 2751 1102 2818 arcanissimus,
1125 2751 1287 2810 censebunt.

220 2837 284 2906 lue
295 2848 403 2906 ratione
418 2856 507 2906 totum
520 2849 619 2906 salutis
634 2849 847 2907 fundamentum
871 2851 901 2907 in
915 2858 1016 2906 conatu
1032 2847 1151 2906 naturali
1166 2846 1317 2905 voluntatis
1343 2866 1359 2923 p

230 2954 313 3014 nur,
328 2962 408 3003 error
421 2944 577 3022 Pelagiano
592 2945 685 3004 affinis
704 2944 1013 3024 d'tmipelagianorum
1024 2962 1128 3002 nomen
1143 2944 1270 3021 patronis
1283 2943 1343 3000 suis
1364 2973 1365 2988 t

237 3043 300 3103 uuit.
342 3042 382 3099 lis
397 3060 462 3100 sess
477 3054 674 3119 opposuerunt
698 3044 823 3120 Prosper
837 3043 1008 3116 Aquitanas,
1025 3052 1054 3100 et
1068 3041 1196 3099 Hilarius
1211 3041 1359 3099 Arelatous

192 3126 200 3144 ’
235 3139 308 3199 laicis
324 3138 452 3214 quidem.
467 3139 519 3197 sed
533 3141 646 3217 pietate,
668 3152 698 3198 et
710 3141 777 3199 fidei
792 3140 886 3198 studio
902 3141 1035 3198 illustres.
1078 3139 1200 3217 Scripsit
1216 3141 1302 3197 etiarn
1318 3141 1360 3197 Au

232 3234 304 3293 unus
318 3244 351 3292 ut
364 3251 487 3292 errorem
504 3253 620 3310 prorsus
634 3236 799 3294 eradicaret.
822 3236 879 3294 Per
892 3235 1028 3295 saeculuro
1042 3235 1100 3292 sere
1112 3236 1221 3313 agitata
1237 3249 1303 3293 sunt
1318 3256 1352 3291 co

231 3332 340 3400 versiae,
366 3330 458 3390 donec
478 3332 608 3408 synodus
623 3333 798 3391 Arausicano
811 3333 876 3399 ΙΙ..5
897 3351 971 3390 anno
986 3336 1054 3395 5³1,
1080 3350 1165 3390 suum
1185 3319 1333 3408 ‘protulerit
1351 3334 1363 3409 j

229 3429 317 3497 cium,
332 3427 410 3502 quod
425 3428 574 3486 Boniiaoio
589 3428 628 3486 11.
645 3431 803 3506 probatum,
819 3431 847 3486 io
863 3427 997 3486 doctrinar
1012 3439 1040 3483 et
1059 3426 1126 3483 fidei
1148 3445 1276 3485 normam
1298 3447 1345 3485 aas

227 3534 288 3586 tntu
303 3536 358 3584 eat.

268 3625 318 3680 56.
341 3619 418 3679 Inter
432 3621 513 3698 plura
526 3640 589 3694 quae
604 3623 699 3680 sanxit
712 3621 845 3699 capitula,
862 3619 923 3679 haro
937 3620 1038 3679 habet:
1063 3619 1122 3677 “Si
1138 3618 1202 3693 quis
1222 3616 1257 3676 ad
1275 3617 1359 3676 iuro·-

264 3796 304 3861 (l)
324 3792 468 3845 Morseillea.

264 3883 302 3941 (2)
321 3881 387 3942 Aug.
398 3881 439 3930 lib.
447 3881 557 3945 deprad.
568 3898 600 3930 sa.
612 3886 625 3942 ξ
641 3883 678 3933 12.

264 3968 302 4027 (3)
320 3965 384 4015 Vide
396 3966 464 4016 Borti
473 3966 539 4028 Aug.
551 3967 617 4030 Syst
629 3967 726 4018 Vindia.
737 3984 761 4031 p.
773 3968 798 4017 it.
809 3959 866 4016 disi.
878 3966 910 4016 iv.
922 3982 942 4015 c.
955 3966 970 4015 i.
1005 3965 1088 4029 Negat
1100 3965 1215 4015 Petavius
1226 3965 1256 4015 ad
1273 3964 1345 4015 tidem

225 4066 288 4101 nare
298 4051 400 4112 gratiam
411 4067 465 4115 qua
476 4052 502 4100 in
514 4053 664 4116 permotione
675 4053 808 4102 voluntatis
817 4053 863 4102 sita
873 4060 917 4109 est,
928 4067 980 4100 esse
992 4053 1100 4101 absoluta
1112 4051 1286 4111 necessariam
1303 4052 1344 4099 aad

225 4153 274 4188 acu
283 4137 464 4187 illuminatione
475 4138 564 4188 mentis
574 4138 709 4189 redundare
727 4140 818 4203 aliquid
830 4141 856 4189 in
868 4140 1017 4188 voluntatem
1029 4154 1114 4188 omncs
1125 4145 1233 4188 consent
1267 4137 1305 4187 Dc
1318 4138 1352 4186 Pi·

230 4222 347 4288 &mipel
359 4222 417 4271 har.
427 4240 449 4272 c.
456 4223 488 4272 ir.
496 4240 522 4272 n.
530 4225 554 4273 4.
566 4232 591 4274 ct
601 4241 623 4274 c.
634 4241 657 4274 v.
668 4241 694 4273 n.
709 4227 747 4273 16.

266 4306 310 4372 (4)
330 4306 394 4356 Vide
405 4307 570 4370 Ganzanigam
582 4308 612 4357 de
623 4308 715 4369 Gratia,
728 4325 752 4372 p.
764 4307 779 4356 i.
791 4306 848 4356 diss.
860 4307 876 4356 i.
886 4323 907 4356 c.
919 4307 952 4356 xi.
965 4323 988 4356 n,
1002 4306 1049 4356 103
1061 4313 1086 4355 ot
1100 4309 1154 4354 128.

267 4391 313 4457 (δ)
333 4391 444 4453 Orangca
454 4391 482 4440 in
493 4392 588 4441 Galliis.

352 4493 430 4552 Vos.
442 4493 566 4552 11.-24
