2744 5024
412 280 883 350 sumammuh-'tiorum
1191 289 1251 344 stc

71 440 108 501 ul
120 462 153 503 ex
168 464 203 503 ea
214 447 304 514 nasci,
320 456 401 506 extra
415 448 638 504 controversiam
651 463 716 503 esse
731 444 862 502 dehet.”¹
892 443 1107 518 Presbyteriani
1119 439 1252 500 hodierni

71 537 150 600 dieunt
158 543 265 600 electos
275 541 331 599 ride
343 542 496 618 complecti
508 542 667 607 Christum,
681 554 709 598 et
720 542 782 617 ejus
789 541 941 617 justitiam,
953 550 982 596 et
992 540 1021 597 in
1030 557 1065 596 eo
1076 538 1169 604 inniti,
1181 536 1253 594 adeo

10 644 12 657 '
67 647 89 692 ut
98 638 157 712 ejus
172 637 334 698 obedientia
346 649 375 695 et
389 637 545 694 satisfactio
559 637 601 693 eis
623 638 787 711 imputetur,
803 635 873 708 quin
887 636 951 709 ipsa
963 634 1036 692 fides
1052 633 1098 691 vel
1117 627 1252 690 obedien·

65 731 93 788 tiu
107 733 153 799 iis,
171 743 317 806 tamquam
330 751 428 790 eorum
447 733 570 807 justitia,
585 733 763 808 imputetur.⁸
806 728 937 800 Quulrcri
951 748 1038 806 opera
1051 731 1126 787 bona
1140 727 1176 784 ad
1192 728 1255 803 jus-

59 829 236 888 tificationem
252 831 371 887 omnino
385 829 546 886 necessaria
560 846 626 885 esse
639 827 790 894 affirmant,
806 837 951 899 tamquam
972 843 1095 884 causam
1115 824 1179 882 eine
1194 841 1254 901 quo

35 910 40 915 ⁵
54 942 110 982 aon
125 925 330 1001 justificamur,
344 924 396 981 sed
410 943 468 981 non
477 929 598 1000 propter
612 940 702 999 quum
719 922 890 998 justificatio
904 922 986 980 nobis
1001 922 1165 996 contingit.¹
1205 918 1253 976 Fi·

44 1018 114 1077 dem
145 1033 241 1086 autem
264 1020 426 1095 intelligunt
452 1020 562 1076 firmant
595 1017 731 1075 fiduciam
759 1017 816 1074 Dei
845 1017 1080 1093 promissionum,
1106 1033 1163 1088 qua
1187 1011 1252 1073 Deo

54 1117 170 1175 interius
192 1117 320 1190 loquenti
341 1116 468 1183 fidimus,
493 1127 522 1172 et
546 1134 591 1173 res
617 1114 772 1190 sperandas
798 1113 1068 1190 apprehendimus.⁴
1107 1110 1254 1168 Caeterum

54 1231 143 1284 quum
159 1212 209 1269 vix
222 1213 261 1268 sit
282 1213 356 1272 inter
376 1211 570 1269 Protestantes
591 1211 643 1284 qui
661 1211 897 1286 justificationem
918 1209 1043 1267 vindicet
1061 1208 1173 1266 homiui
1187 1224 1253 1283 pee-

53 1318 114 1364 oato
131 1306 299 1374 adhaerenti,
325 1306 399 1364 hanc
420 1307 643 1365 controversiam
670 1307 751 1364 facile
770 1308 907 1383 componi
930 1323 1016 1382 posse
1041 1294 1203 1371 censemus,
1229 1304 1255 1360 si

54 1408 149 1461 notus
163 1409 339 1478 quaeritante
353 1414 406 1459 rute
420 1395 602 1478 intelligatur,
618 1414 647 1459 et
660 1403 733 1459 absit
746 1395 875 1478 litigandi
889 1402 997 1459 libido:
1021 1400 1164 1459 Catholici
1179 1399 1255 1456 scili·

55 1507 98 1554 eet
117 1498 219 1565 fidem,
235 1501 366 1556 timorem
381 1497 456 1565 Dei,
471 1498 601 1555 dolorem
621 1496 657 1554 de
679 1499 814 1572 peccatis,
830 1497 1010 1555 dilectionem
1033 1474 1090 1554 Dei
1110 1487 1256 1569 tamqnam

55 1591 141 1657 tontis
155 1592 251 1649 omnis
271 1592 400 1667 justitie,
414 1610 473 1649 non
494 1591 599 1649 habent
612 1590 699 1648 voluti
718 1610 819 1648 causas
836 1592 1060 1668 justificationis,
1075 1590 1127 1648 sed
1147 1600 1256 1648 tantum

56 1684 262 1762 dispositiones
285 1689 471 1762 necessarias.
513 1685 558 1743 Ad
579 1703 667 1761 opera
689 1687 763 1742 bona
784 1685 860 1758 quod
883 1687 1041 1753 attinctus
1060 1686 1171 1742 scilieet
1191 1702 1255 1756 que

58 1790 200 1853 merconis
225 1782 313 1838 vitam
337 1792 482 1850 curnam,
508 1781 586 1839 nulla
611 1783 793 1857 agnoscimus
817 1792 882 1838 ante
908 1781 1163 1856 justificationem
1192 1797 1256 1851 quer

56 1889 156 1953 postea
170 1877 253 1944 liunt,
268 1895 331 1935 eam
345 1878 452 1935 habent
466 1878 598 1954 virtutem
612 1895 649 1934 ex
671 1877 781 1935 Christi
799 1877 897 1952 gratia,
913 1894 965 1953 per
984 1894 1072 1950 quem
1093 1874 1173 1933 Patri
1186 1873 1256 1932 offe·
1298 1922 1302 1944 ,

60 1982 181 2036 tuctur..

96 2068 299 2128 lon-contra
321 2081 483 2147 grassantes
509 2090 562 2129 suo
584 2081 712 2148 tempore
733 2089 842 2130 errores
863 2070 1027 2128 Concilium
1052 2069 1255 2129 Tridentinum

60 2167 152 2241 plures
166 2166 258 2225 edidit
268 2185 413 2225 canonest
437 2168 582 2241 “Siquis
603 2167 717 2234 dixerit,
732 2170 794 2226 sola
814 2168 870 2225 fide
892 2168 1014 2244 impium
1031 2167 1194 2244 justificari,
1217 2167 1256 2224 ita

60 2273 87 2321 ut
98 2264 241 2340 intelligat
254 2262 327 2321 nihil
341 2262 419 2320 aliud
432 2263 548 2335 requiri,
565 2264 641 2337 quod
655 2264 690 2322 ad
708 2265 922 2341 justificationis
943 2264 1063 2341 gratiam
1075 2273 1256 2341 cooperetur,
1279 2292 1285 2301 ·

57 2369 84 2429 et
97 2359 177 2417 nulla
187 2376 228 2415 ex
243 2369 321 2434 parte
335 2376 454 2416 neeesse
468 2375 534 2416 esse
544 2377 619 2419 'eum
642 2379 701 2416 sue
721 2360 873 2418 voluntatis
888 2369 967 2418 motu
990 2359 1151 2436 preparari,
1174 2368 1258 2432 atque

57 2452 184 2530 disponi,
199 2450 351 2510 anathema
364 2450 498 2509 sit.”-“
508 2453 542 2509 Si
556 2455 621 2526 quis
635 2453 749 2521 dixerit,
764 2441 850 2513 fidem
867 2456 1073 2530 justificantem
1093 2454 1166 2513 nihil
1181 2452 1258 2511 aliud
1337 2518 1341 2527 Ι

53 2548 131 2616 esse,
147 2567 236 2622 quam
248 2545 500 2606 fiduciamdivine
512 2549 713 2609 misericordie
725 2559 842 2625 peccata
849 2551 1018 2608 remittentis
1030 2560 1147 2627 propter
1158 2548 1259 2606 Chris·

56 2655 128 2711 tum,
142 2642 268 2703 veleam
282 2641 416 2701 fiduciam
429 2643 521 2702 solam
537 2662 601 2701 esse
622 2661 680 2716 qua
695 2643 897 2721 justificamur,
913 2645 1064 2701 anathema
1076 2643 1210 2701 sit.’'-“
1223 2643 1257 2700 Si
1328 2684 1333 2691 .

51 2740 122 2814 quis
137 2739 252 2807 dixerit,
263 2739 341 2817 omni
352 2732 464 2797 homini
478 2738 513 2795 ad
528 2739 726 2798 remissionem
741 2747 922 2815 peccatorum
936 2739 1144 2812 assequendam
1159 2755 1258 2795 neees-

20 2902 26 2913 ¹
47 2836 165 2899 sarium
179 2852 254 2901 esse,
269 2844 301 2892 ut
313 2833 410 2893 eredat
424 2833 511 2901 certi,
526 2844 555 2892 et
568 2835 676 2907 absque
697 2835 754 2892 ulla
775 2835 953 2893 haesitatione
973 2835 1096 2910 propriae
1110 2834 1260 2891 infirmita-

11 2924 14 2929 ’
50 2929 103 2997 tis,
119 2914 149 2986 et
163 2928 401 3004 indispositionis,
416 2940 532 3004 peccata
545 2930 600 2987 sibi
614 2948 679 2987 essa
692 2930 821 2997 remissa,
837 2930 987 2987 anathema
1000 2929 1133 2987 sit.”·-“
1146 2929 1256 3001 Siquis

51 3025 174 3092 dixerit,
188 3025 336 3084 hominem
350 3047 367 3084 a
380 3029 504 3103 peccatis
519 3028 636 3093 absolvi,
652 3046 684 3084 ac
702 3028 852 3114 justiticari
867 3044 904 3085 ex
925 3046 960 3085 eo
981 3026 1068 3101 quod,
1082 3046 1116 3086 se
1138 3026 1259 3094 absolvi,

49 3140 90 3190 ac
107 3114 260 3200 justificari
282 3109 365 3189 ce'rtd¹
382 3121 486 3188 credat,
503 3134 551 3178 aut
570 3123 715 3180 neminem
736 3140 802 3179 vere
824 3141 889 3180 esse
906 3123 1105 3198 justificatum,
1129 3121 1186 3180 nisi
1208 3123 1258 3195 qui
1321 3102 1329 3115 ⁹

52 3216 155 3281 eredat
167 3235 199 3274 se
213 3234 277 3274 esse
295 3205 492 3292 justificatum,
508 3229 537 3275 et
550 3219 603 3276 hac
617 3219 679 3277 sola
692 3218 749 3277 lide
762 3219 969 3279 absolutionem
984 3229 1012 3278 et
1020 3219 1259 3298 justificationem

57 3312 181 3388 perhci3
197 3311 446 3370 anathemaeit.”⁵
478 3312 485 3321 ’

89 3522 138 3586 (l)
158 3521 219 3570 inst.
230 3522 248 3571 l.
258 3521 293 3570 iii.
304 3537 327 3570 c.
338 3521 373 3570 iii.
384 3521 436 3571 rui.

92 3605 137 3670 (θ)
157 3610 173 3636 ‘⁴
179 3603 264 3655 These
275 3605 357 3655 whom
369 3604 425 3654 God
436 3603 573 3668 effectually
584 3603 680 3661 ealleth,
689 3602 721 3652 he
732 3602 785 3651 also
795 3603 870 3665 freely
878 3602 1014 3666 justitieth3
1031 3637 1040 3653 .
1056 3637 1064 3652 .
1081 3636 1089 3653 .
1105 3611 1150 3654 not
1165 3605 1203 3653 for
1213 3621 1264 3670 any

57 3688 378 3750 dinumeraturum,
391 3704 418 3736 or
429 3688 492 3737 done
501 3688 535 3752 by
546 3688 623 3746 them,
633 3688 678 3738 hut
689 3687 725 3735 sor
737 3684 841 3735 Christ’s
858 3686 916 3734 sake
934 3686 1018 3735 alone:
1036 3693 1081 3737 not
1090 3688 1124 3751 by
1140 3687 1265 3752 imputing

59 3775 120 3826 (aith
131 3773 204 3830 iteell',
221 3772 263 3821 the
275 3772 354 3821 actos
370 3772 501 3832 believing,
518 3786 546 3820 or
564 3787 614 3834 any
626 3769 695 3819 other
712 3768 861 3830 evangelical
876 3768 1007 3818 obedienes
1025 3776 1050 3819 to
1069 3769 1144 3830 them,
1161 3787 1188 3820 as
1204 3771 1268 3821 their

59 3854 255 3919 righteoueneee3
266 3855 311 3903 hnt
321 3855 353 3917 by
365 3853 488 3918 imputing
499 3854 541 3902 the
552 3852 683 3903 ohedience
694 3851 743 3901 end
754 3850 903 3900 sedshction
914 3850 943 3900 of
956 3850 1040 3900 Christ
1047 3859 1112 3926 punto
1123 3852 1198 3913 them,
1207 3853 1266 3919 they

21 3968 24 3972 ·
60 3941 183 4003 receiving
193 3940 242 3990 and
251 3939 344 4001 testing
354 3955 388 3988 on
398 3939 452 3991 him
462 3940 510 3991 and
521 3938 560 3988 his
572 3938 752 4000 righteousnese
762 3938 795 4000 hy
806 3936 867 3985 saith
876 3953 883 3995 ς
901 3936 983 3986 which
999 3936 1061 3986 saith
1071 3936 1130 4002 they
1142 3938 1206 3987 have
1217 3945 1263 3989 not

62 4025 90 4074 ef
100 4024 255 4082 themselves,
265 4023 286 4072 tt
296 4022 318 4071 is
328 4022 371 4071 tlte
381 4022 427 4084 gist
437 4023 467 4071 ot‘
479 4019 559 4072 God.”
594 4021 704 4083 Presbyt.
714 4018 826 4068 Gorffeee.
837 4035 859 4068 c.
870 4019 904 4068 xi.
915 4036 941 4069 n.
951 4020 969 4069 i.

95 4107 139 4172 (3)
152 4112 168 4139 ⁸⁴
176 4104 567 4170 Sinesgoodworksssnaturally
574 4105 656 4154 follow
663 4102 781 4152 t‘romthis
788 4103 1024 4163 birthssheatfrom
1033 4104 1084 4165 lire,
1095 4103 1214 4154 therefore
1227 4122 1267 4156 are

66 4189 120 4256 they
132 4191 162 4241 of
173 4189 284 4240 motata
294 4183 416 4257 amelly
425 4195 449 4240 to
458 4188 641 4257 juctificotion,
651 4205 679 4239 es
692 4204 769 4239 cauea
780 4189 834 4241 eine
844 4205 897 4256 qua
907 4207 968 4252 non,
978 4191 995 4240 i.
1002 4206 1024 4240 e.
1031 4190 1126 4253 though
1135 4195 1181 4240 not
1191 4206 1219 4239 ss
1226 4190 1267 4240 the

67 4289 136 4325 muse
143 4273 180 4323 lor
190 4272 281 4332 which,
291 4281 335 4336 yet
343 4278 374 4323 'ee
382 4273 473 4323 thatin
483 4273 566 4323 which
577 4288 615 4322 we
626 4266 677 4334 are,
682 4273 731 4324 and
742 4272 848 4324 without
857 4273 940 4327 which
947 4290 985 4325 we
993 4281 1085 4326 cannot
1094 4275 1125 4325 br
1132 4271 1266 4341 jmtifisd.‘’
1348 4263 1350 4268 ’

69 4355 188 4421 littelay'e
198 4357 321 4421 apum,
333 4357 408 4423 Prop.
419 4356 459 4408 vit
470 4358 544 4423 Expl.
556 4373 579 4409 v.
591 4357 649 4408 Por.
663 4360 688 4408 3.
771 4347 773 4351 ’
1347 4367 1352 4384 ’

100 4443 142 4510 (4)
160 4441 234 4508 Prop.
247 4441 272 4491 ti.
284 4446 308 4501 θ.
319 4441 370 4492 viii.

99 4527 142 4600 (ὅ)
160 4528 226 4581 sue
236 4525 271 4584 vi·
282 4543 337 4581 usn,
349 4529 373 4578 9.
387 4529 428 4580 12.
442 4529 480 4578 13.
497 4528 536 4579 14.

11 4676 77 4753 ’Ψ
