2744 5024
384 251 443 320 DE
466 253 623 318 sarrin
642 249 936 318 SUFFICIENTE.
1020 300 1024 307 .
1206 250 1261 310 aot
1318 278 1321 283 ·

63 411 142 488 qnod
154 425 272 475 vocatus
286 425 338 475 est.
374 416 431 482 Qui
446 425 539 474 autern
556 425 673 473 vocatus
687 430 745 471 non
761 414 848 480 venit,
858 413 933 470 sicut
945 430 1003 470 non
1018 409 1118 469 habuit
1133 407 1265 483 meritum

65 513 176 586 prtemii
191 521 224 570 nt
244 524 398 578 vocaretur,
413 512 456 569 sic
480 512 594 569 inchoat
617 511 749 569 meritum
771 509 916 585 supplicii,
939 526 1006 566 cum
1026 516 1145 565 vocatus
1167 502 1266 569 venire

65 604 334 684 neglexerit.‘’¹—“
344 607 433 666 Recte
454 607 573 665 fortasse
595 616 789 681 quererentur,
804 606 830 662 si
852 606 955 663 erroris
978 614 1008 662 et
1026 603 1153 662 libidinis
1171 601 1266 659 nullss
1324 634 1330 645 ·

66 699 218 760 hominnm
244 705 333 761 victor
349 703 512 760 existeret:
544 720 610 760 cum
639 690 705 759 verb
734 701 839 772 ubique
867 701 904 757 sit
927 718 1064 776 presens,
1090 700 1140 772 qui
1169 696 1268 754 multis

66 793 161 852 modis
187 815 239 870 per
264 805 419 854 creaturam
447 797 503 852 sibi
533 796 659 853 Domino
687 796 859 852 servientem
888 812 1018 852 aversum
1046 803 1138 860 vocet,
1165 792 1267 850 doceat

66 887 241 955 credentem.
269 891 432 948 consoletur
458 900 630 964 sperantem,
654 889 820 965 diligentem
846 887 1018 956 adhortetur,
1039 895 1192 945 conantem
1221 885 1269 943 ad·

63 981 156 1058 juret,
179 984 317 1043 exaudiat
330 985 547 1060 deprecantem:
568 1002 627 1042 non
653 985 704 1041 tibi
725 983 875 1058 deputator
894 976 930 1041 ad
951 984 1076 1063 culpam,
1097 982 1173 1054 quod
1198 981 1270 1039 invi·
1298 991 1303 996 ’

66 1087 112 1135 tus
131 1077 426 1153 ignoransedaquod
440 1078 561 1153 negligis
583 1094 710 1150 querere
731 1077 807 1149 quod
831 1079 963 1153 ignoras:
985 1094 1078 1150 neque
1101 1073 1170 1133 illud
1192 1074 1268 1161 quod

68 1172 216 1231 vulnerata
235 1175 363 1232 membra
383 1193 441 1232 non
465 1174 589 1249 colligis,
607 1172 659 1230 sed
678 1172 754 1245 qnod
777 1174 919 1231 volentem
946 1191 1045 1230 sanare
1066 1162 1270 1237 contemnum

67 1276 129 1314 ···“
140 1267 238 1327 Habet
264 1269 525 1344 concupiscentiam
552 1287 618 1327 cum
647 1287 703 1340 qua
728 1280 845 1344 pugnet,
874 1286 995 1341 eamque
1022 1267 1172 1344 adjuvante
1200 1267 1266 1325 Deo

69 1375 194 1440 superet,
216 1366 242 1422 si
256 1384 314 1422 non
329 1367 358 1424 in
374 1384 493 1423 vacnum
509 1365 626 1440 gratiam
642 1366 705 1441 ejus
720 1366 888 1441 susceperit,
903 1366 928 1422 si
943 1367 1080 1441 reprobus
1091 1382 1156 1422 esse
1171 1364 1269 1422 nolue-

69 1458 211 1518 rit.”⁸-“
222 1461 283 1518 Cor
294 1479 395 1523 eornm
409 1460 584 1536 congelascit
597 1460 733 1517 adversus
748 1458 855 1529 Deum,
868 1471 896 1517 et
910 1461 943 1517 fit
953 1460 1055 1518 durum
1067 1459 1203 1517 adversus
1217 1460 1270 1517 im·

70 1554 147 1615 brem
163 1557 259 1630 gratiae
274 1556 348 1632 ejus,
363 1574 399 1613 ne
413 1555 534 1613 fructum
550 1554 728 1613 serat.’'⁴—·⁴
739 1555 780 1613 Ut
789 1565 882 1615 autem
896 1556 1054 1614 innotescat
1063 1555 1141 1628 quod
1155 1555 1268 1621 latebat,

70 1660 200 1715 etsuave
214 1652 273 1708 'liat
285 1650 362 1723 quod
376 1669 433 1708 non
449 1650 613 1719 delectabat,
638 1652 735 1726 gratim
749 1651 805 1708 Dei
824 1662 877 1718 est,
903 1660 972 1724 qum·
988 1651 1137 1710 hominum
1158 1651 1271 1727 adjuvet

73 1746 248 1814 voluntates:
271 1765 327 1817 qua
341 1754 444 1805 utnon
459 1745 627 1820 adjuventur
640 1745 669 1802 in
691 1747 764 1820 ipsis
779 1746 875 1803 itidem
889 1765 976 1804 causa
995 1759 1049 1815 est,
1075 1746 1138 1805 non'
1148 1749 1176 1803 in
1194 1748 1268 1812 Deo,

71 1839 130 1897 sive
145 1839 301 1898 damnandi
316 1836 508 1915 praedestinati
523 1840 580 1896 sint
594 1849 709 1915 propter
723 1840 900 1911 iniquitatem
918 1841 1076 1916 superbiae:
1098 1843 1159 1897 sive
1174 1851 1271 1898 contra

73 1935 162 2010 ipsam
185 1953 267 1992 suam
281 1934 445 2010 superbiam
461 1934 611 2011 judicandi
625 1946 653 1990 et
667 1932 825 2000 erudiendi,
838 1935 864 1991 si
877 1935 929 1991 filii
951 1935 1010 1991 sint
1024 1928 1281 1997 misericordiae.’'⁵‘

73 2029 145 2086 Sunt
157 2029 254 2104 igitur,
271 2028 356 2104 juxta
371 2029 573 2104 Augustinum,
595 2028 644 2100 qni
659 2028 837 2084 vocationem
852 2027 978 2086 divinam
1001 2029 1149 2106 negligunt
1162 2040 1190 2086 et
1205 2050 1272 2089 con·

73 2133 210 2188 temnunt,
235 2119 324 2195 duum
339 2124 367 2180 ei
391 2134 510 2199 possent
524 2125 737 2198 obtemperare:
761 2125 810 2194 qni
835 2123 940 2181 idcirco
964 2124 1127 2183 interiorem
1152 2127 1268 2202 gratiam
1330 2134 1342 2159 ‘

72 2218 260 2276 sufficientem
274 2230 452 2294 receperunt,
470 2221 516 2276 oui
528 2239 579 2282 sira
593 2220 677 2294 culpa
691 2221 863 2278 restiterunt.

105 2318 179 2396 144.
202 2313 347 2389 Eqpidem
368 2316 394 2372 si
407 2316 504 2390 gratiae
520 2315 645 2373 interiori
663 2333 820 2387 numquam
833 2318 970 2375 renitetur
982 2317 1112 2376 volontas
1134 2319 1269 2388 humana,

73 2410 266 2485 peecatoribus
281 2410 443 2485 exprobrari
469 2429 527 2467 non
545 2421 638 2485 potest
651 2410 726 2482 quod
748 2410 829 2468 liberi
844 2413 949 2469 arbitrii
973 2414 1063 2471 abusu
1078 2417 1268 2490 peccaverint,

73 2524 158 2579 quum
172 2505 337 2563 necessario
351 2504 480 2561 subsidio
495 2493 623 2563 carentes
638 2495 769 2562 virtutem
785 2525 919 2565 exercere
933 2528 991 2566 non
1006 2513 1157 2584 potuerint.
1190 2513 1270 2588 Ergo

70 2601 123 2658 erit
136 2600 172 2658 iis
194 2600 341 2658 excusatio
355 2601 530 2672 equissimo.
573 2601 663 2658 Porro
678 2601 800 2674 benigna
812 2620 879 2677 erga
900 2621 950 2660 eos
971 2604 1092 2661 caelestis
1114 2606 1207 2662 Patris
1223 2626 1270 2664 vo-

73 2695 175 2763 luntas,
202 2715 258 2767 qua
292 2695 348 2752 illis
367 2695 501 2762 consulit,
523 2696 565 2752 eis
586 2695 746 2753 facultatem
770 2695 869 2753 salutis
894 2697 1085 2773 adipiscenda
1110 2700 1268 2769 tribuendo,

73 2810 126 2850 oon
141 2791 248 2868 poterit
261 2789 409 2858 vindicari,
431 2792 456 2847 si
470 2790 632 2847 necessarie
652 2791 757 2847 auxilia
772 2809 823 2866 pro
838 2793 951 2850 arbitrio
966 2811 1020 2850 suo
1041 2792 1231 2870 denegaverit.

465 3003 665 3044 oetncrtouss
687 3004 871 3045 brennum.

113 3147 181 3205 leb.
207 3141 274 3221 Obj.
293 3147 319 3201 l.
343 3142 478 3200 “Omnis
500 3144 549 3215 qui
571 3142 678 3200 audivit
698 3165 716 3201 a
739 3145 834 3213 Patre,
849 3154 879 3203 et
901 3143 1008 3213 didicit,
1023 3146 1102 3204 venit
1120 3146 1155 3205 ad
1177 3148 1271 3206 me.’'⁰

73 3230 105 3299 in
117 3259 185 3314 quae
199 3240 284 3297 verba
305 3239 402 3297 scribit
416 3241 612 3316 Augustinus:
636 3241 744 3307 “Quid
761 3253 821 3314 est:
844 3244 938 3302 omnis
961 3244 1010 3317 qui
1025 3244 1164 3304 audivita
1185 3246 1269 3304 Patre

74 3347 101 3394 et
112 3335 224 3405 didicit,
237 3335 316 3391 venit
329 3333 362 3391 ad
379 3352 423 3391 me
437 3353 445 3401 ;
468 3335 523 3391 nisi
538 3335 632 3391 nullus
646 3349 690 3393 est
705 3338 753 3409 qui
765 3337 863 3396 ¹audiat
874 3360 894 3400 ‚a
915 3340 999 3398 Patre
1014 3352 1042 3399 et
1056 3341 1154 3410 diseat,
1170 3352 1199 3400 et
1212 3363 1271 3401 non

75 3432 196 3490 veniata
212 3431 278 3488 mei
321 3430 352 3486 Si
367 3430 444 3486 enim
459 3430 553 3486 omnis
576 3431 624 3502 qui
646 3431 783 3488 audivita
804 3418 888 3490 Patre
910 3445 940 3491 et
961 3435 1071 3501 didicit,
1088 3439 1184 3495 venit:
1208 3458 1271 3514 pro·

74 3524 144 3584 teott
160 3526 255 3584 omnis
270 3525 319 3597 qui
334 3543 390 3582 non
407 3525 492 3590 venit,
508 3543 564 3581 non
580 3523 688 3580 audivit
702 3545 718 3580 a
732 3524 827 3592 Patre,
843 3544 896 3582 nec
911 3525 1030 3585 didicit:
1053 3549 1119 3587 nam
1134 3533 1159 3587 si
1176 3534 1269 3590 audis·
1320 3520 1330 3533 ⁸

74 3631 117 3679 set
129 3632 159 3679 et
172 3619 331 3686 didicisset,
347 3618 503 3677 veniret.’'⁷
544 3618 633 3676 Nulla
646 3618 731 3692 igitur
745 3629 789 3675 est
809 3619 898 3695 gratia
919 3621 1034 3678 interior
1048 3623 1093 3678 cui
1115 3625 1270 3685 resistatur.

114 3721 181 3775 lto.
203 3715 292 3793 Resp.
309 3714 470 3784 Contextus
483 3724 512 3772 et
522 3715 615 3790 stylus
629 3714 749 3772 Joannis
762 3715 860 3772 sinunt
871 3715 1105 3777 utinversionem
1121 3722 1271 3783 verborum

78 3795 276 3890 fflielligamua
292 3812 329 3868 ita
344 3821 375 3871 ut
388 3811 446 3887 legi
461 3810 590 3887 possint:
617 3809 722 3868 Omnis
737 3810 789 3886 qui
800 3809 880 3868 venit
894 3811 935 3870 ad
946 3830 1002 3880 me,
1018 3814 1136 3875 audivit
1150 3837 1169 3876 u
1181 3817 1272 3878 Putre

308 4004 350 4069 (1)
370 4002 400 4052 L.
413 4005 454 4052 83.
466 4018 509 4066 qu.
521 4019 544 4066 q.
557 4005 589 4052 68

308 4089 350 4153 (2)
370 4087 424 4137 Lib.
436 4088 466 4136 de
478 4087 576 4137 Natura
587 4095 612 4136 et
623 4088 700 4149 gratis
712 4105 733 4137 c.
745 4089 817 4140 lxvii.

306 4173 348 4238 (8)
368 4171 398 4221 L.
410 4172 425 4221 i.
436 4171 467 4220 do
477 4179 568 4235 peccat.
579 4169 671 4222 institis
682 4179 707 4223 et
717 4173 859 4223 rcmissions
869 4190 890 4224 c
902 4175 945 4225 nlt

306 4258 348 4323 (4)
362 4257 435 4306 Initio
446 4256 514 4306 Pras.
525 4257 552 4306 in
565 4257 605 4306 Ps.
616 4259 699 4308 cxxiv.

310 4342 352 4407 (5)
372 4341 401 4391 L.
413 4341 438 4390 ii.
450 4341 481 4390 ds
492 4357 560 4406 pecc.
569 4342 645 4392 merit
658 4351 682 4392 et
692 4344 786 4394 remiss.
797 4361 818 4394 c
830 4344 889 4394 xvii.
900 4359 925 4394 n.
938 4347 980 4395 te.

306 4428 346 4491 (d)
365 4426 436 4477 Joen.
448 4427 480 4476 vi.
491 4428 534 4474 4⁵.

310 4516 348 4573 (7)
366 4511 396 4562 L.
405 4512 438 4562 do
448 4513 556 4578 prodest
568 4511 652 4562 Sanct.
664 4529 685 4562 c.
697 4514 747 4564 viii.
770 4474 781 4485 ἢ

193 4595 269 4654 Vos..
281 4595 405 4656 11.-2o
