2744 5024
1083 40 1111 126 9

1046 156 1078 207 ᾗ.

540 276 765 339 neronom.
1150 250 1152 255 ⁴
1204 279 1277 353 tor¹

67 432 141 492 soret
153 433 299 511 amplecti,
314 433 364 508 qui
379 433 589 510 scripturarum
603 432 815 493 commendaret
828 430 964 501 studium,
979 431 1137 492 humilitate
1152 431 1220 490 fidei
1235 440 1264 489 et

65 530 362 589 obedientiaserrata.
835 542 839 549 ·

105 626 148 685 Ut
155 626 255 687 fideles
270 647 286 684 a
305 626 489 685 sacramentis
503 626 718 693 abstinerentur,
735 624 893 692 Quesncllo
907 633 936 682 et
949 624 967 682 J
969 625 1130 683 ansenianis
1142 626 1196 685 suit
1218 643 1263 683 so·

66 723 162 782 lamus
177 725 350 800 poenitentia
375 723 526 806 serenatis
540 731 604 779 ante
619 722 850 780 communionem
864 721 978 797 exigere
993 721 1170 789 exercitium,
1180 739 1268 795 quarn

67 817 171 894 agendi
185 819 323 877 rationem
337 818 465 894 pluribus
480 818 721 898 propositionibus
736 816 982 881 commendavit.¹⁰

107 914 425 973 Excommunicationis
441 931 526 986 quam
541 913 569 970 in
584 930 659 970 nova
679 911 813 970 docontes
829 909 894 971 tulit
906 911 990 971 sedes
1016 912 1184 989 Apostolica
1207 912 1266 968 vim

67 1008 378 1085 negavitQuesneilus,
389 1016 460 1067 etse
474 1025 599 1080 suosque
613 1006 740 1064 vindices
754 1006 878 1064 veritatis
887 1024 1032 1083 oppressae
1044 1007 1141 1065 haberi
1155 1005 1269 1064 voluit¹
1302 1052 1305 1057 .

107 1101 181 1168 Qua
196 1112 339 1179 postrema
352 1112 396 1160 est
407 1104 480 1160 inter
492 1101 638 1161 damnatas
649 1101 870 1177 propositiones,
878 1087 1115 1177 sacramentam
1135 1099 1267 1159 auctoris

69 1197 201 1256 damnata
215 1206 268 1265 est,
279 1199 442 1274 juramenta
453 1196 563 1254 scilicet
582 1196 699 1272 respicit
719 1215 782 1268 qua
797 1195 954 1254 Pontifices
982 1196 1017 1253 ab
1042 1194 1173 1251 omnibus
1199 1194 1269 1252 Jan-

69 1290 191 1348 senismi
205 1292 371 1366 suspIciona
391 1291 583 1347 laborantibus
604 1291 683 1364 erigi
709 1290 868 1356 voluerunt,
890 1308 926 1347 ne
951 1288 981 1347 in
998 1287 1138 1346 Ecclesiae
1160 1287 1283 1362 gremio

32 1380 39 1385 ’
70 1387 234 1445 foverentur
247 1385 315 1444 fidei
330 1387 439 1444 hostes.
475 1384 563 1442 Hunc
584 1385 639 1442 sibi
659 1393 691 1443 ut
703 1384 833 1442 tollerent
847 1385 959 1441 obicem
980 1385 1084 1459 placita
1104 1403 1156 1440 sua
1168 1402 1285 1460 propa«.

71 1482 158 1560 gandi
171 1482 338 1541 Janseniani
352 1484 470 1540 omnino
485 1481 579 1539 conati
593 1492 668 1548 sunt,
684 1480 806 1554 ideoque
813 1482 974 1558 juramenta
987 1481 1037 1539 illa
1050 1482 1137 1539 veluti
1151 1483 1270 1554 laqueos

72 1577 264 1645 intirmorum,
276 1577 389 1653 pietatis
404 1577 501 1654 specie
519 1577 731 1653 improbarunt..
765 1577 835 1634 Non
844 1576 931 1652 igitur
943 1576 974 1634 in
985 1594 1133 1635 censuram
1148 1577 1272 1634 incurre-

72 1680 126 1740 rat,
155 1672 215 1745 qui,
230 1671 265 1728 ab
291 1671 336 1728 his
357 1672 486 1730 consiliis
508 1672 629 1739 alienus,
655 1673 772 1729 nimiam
789 1672 1016 1747 juramentorum
1043 1670 1079 1729 de
1106 1662 1272 1729 muneribus

73 1769 217 1840 rebusque
231 1768 363 1826 civilibus
376 1769 567 1840 frequentiam
582 1768 739 1845 periculum
754 1768 899 1844 pejerandi
914 1767 1013 1825 afferre
1028 1778 1200 1840 quereretur.

114 1864 200 1922 Hanc
228 1858 316 1922 veluti
337 1864 481 1940 analysin‚
504 1882 573 1921 cum
604 1863 909 1932 animadversionibus,
931 1863 1073 1931 dedimus,
1095 1874 1126 1921 ut
1152 1865 1272 1922 lectores

29 2008 49 2052 ,ἦ
73 1960 219 2019 Ecclesiae
237 1969 364 2020 mentem
385 1961 415 2018 in
429 1969 596 2018 novatorum
617 1961 728 2035 placitis
751 1959 918 2023 damnandis
942 1970 1115 2036 compertam
1141 1960 1273 2027 habeant,

73 2073 131 2114 nec
153 2055 284 2113 innoxias
318 2056 540 2131 propositiones,
565 2054 705 2113 damnatis
730 2055 881 2127 aliquando
896 2056 1045 2113 verborum
1069 2073 1142 2113 sono
1162 2056 1274 2125 affines,
1339 2066 1356 2075 '·

76 2168 145 2209 cum
167 2151 308 2208 erroribus
332 2151 499 2226 proscriptis
526 2150 709 2208 confundant.
765 2151 909 2209 Novimus
932 2151 963 2208 in
987 2150 1144 2208 Catholicis
1167 2152 1275 2209 scholis

76 2245 210 2319 quadam
233 2248 406 2327 propugnari
430 2264 493 2319 qua
516 2245 572 2303 iliis
587 2246 733 2303 simillima
754 2245 894 2313 videntur,
911 2245 962 2303 scd
987 2264 1050 2318 quae
1077 2247 1108 2303 in
1129 2246 1193 2321 ipsa
1206 2247 1277 2304 urbe

77 2340 185 2407 Roma,
201 2340 341 2398 Pontifice
356 2338 431 2397 haud
452 2338 670 2407 contradicente,
692 2341 786 2416 palam
800 2339 955 2397 traduntur.
997 2340 1080 2398 Absit
1104 2349 1135 2397 ut
1155 2341 1277 2399 velimus

61 2454 166 2509 ‚quam
194 2454 323 2493 summus
351 2435 491 2493 Ecclesiae
524 2435 554 2492 in
581 2437 661 2494 terris
684 2445 775 2493 rector
796 2436 895 2494 tolerat
920 2436 1089 2514 opinionum
1116 2437 1272 2502 licentiam,

77 2525 259 2607 dogmatibus
270 2531 302 2587 in
317 2539 377 2588 tuto
392 2532 505 2606 positis,
523 2530 652 2587 minuere
668 2531 712 2587 vel
727 2529 898 2605 improbare.

283 2681 1080 2754 mmmmmmmmmmmmmmmn

473 3158 554 3201 1¹¹1le
574 3157 703 3199 SECUNBI
723 3157 894 3200 vonuussurs.
