2744 5024
407 298 462 359 DE
486 299 657 359 GRATIAE
680 298 911 358 Enulcncln.
1202 289 1260 357 abt

61 468 145 510 sacer
158 463 256 512 auctor
271 454 415 525 hortandi,
430 469 461 514 ut
475 476 623 514 servemus
638 456 733 514 divina
749 455 889 523 mandata,
903 457 1010 537 qnippe
1025 453 1117 513 adbuc
1130 455 1219 517 homo
1233 455 1264 513 in

61 568 148 608 manu
164 554 278 611 consiiii
292 555 338 611 sui
352 566 405 621 est,
422 566 450 611 et
464 557 490 611 si
505 556 627 612 voluerit
641 554 772 612 mandata
787 573 910 621 servare,
923 556 1026 630 poterit
1039 555 1136 612 divina
1152 553 1263 630 adjutus

61 648 160 722 gratia.
204 650 321 707 Frustra
334 664 362 708 et
376 652 499 708 irrisorie
514 651 576 710 haec
599 651 768 718 dicerentur,
784 650 809 708 si
822 651 913 727 gratia
934 651 1091 709 absolutam
1113 650 1267 708 necessita&

61 756 121 800 tem
136 745 297 804 induceret.

81 915 93 929 κ
106 844 171 898 104.
188 843 267 900 Alias
279 843 395 902 divitem
409 847 489 921 pium
501 845 596 902 laudat
607 848 687 901 sacen
698 855 814 901 auctor:
831 844 969 902 “Beatus
981 845 1061 902 dives
1072 846 1119 919 qui
1131 847 1263 903 inventus

62 942 184 996 estsine
198 919 318 998 macida.
335 983 343 999 .
359 983 368 998 .
383 983 395 999 .
409 943 467 1008 Qui
484 943 616 1018 probatus
629 952 673 999 est
686 943 716 998 in
729 942 777 998 ilio
792 952 820 998 et
835 941 976 1018 perfectus
991 954 1044 1010 est,
1057 943 1110 1000 erit
1124 943 1164 999 illi
1175 942 1265 1019 gloria

65 1030 185 1103 aeterna:
208 1038 257 1108 qui
272 1039 364 1112 potuit
376 1037 547 1113 transgredi,
560 1048 589 1094 et
603 1056 658 1094 non
675 1047 719 1093 est
733 1045 939 1112 transgressus,
955 1038 1047 1094 facere
1062 1037 1145 1104 mala,
1162 1047 1191 1094 et
1204 1056 1263 1095 non

69 1128 147 1186 iecit:
171 1130 235 1188 ideo
247 1133 372 1190 stabilita
385 1143 452 1190 suut
466 1135 539 1189 bona
553 1133 628 1188 iilius
646 1133 674 1188 iu
689 1131 863 1189 Domino.’'¹
905 1131 949 1190 Dc
964 1132 1050 1189 divite
1061 1133 1092 1189 iu
1104 1151 1162 1204 quo
1176 1131 1266 1207 gratia

74 1223 121 1280 init
138 1225 239 1283 efficax
262 1228 345 1303 piane
366 1204 411 1285 est
433 1247 546 1285 sermo:
569 1229 653 1299 eique
677 1228 806 1284 tribuitur
831 1228 956 1302 potentia
978 1225 1214 1303 transgrediendi,
1236 1236 1265 1282 et

77 1319 140 1377 mala
153 1322 285 1388 faciendi,
299 1325 411 1382 etiamsi
427 1337 619 1398 transgressus
636 1342 693 1380 non
708 1323 754 1379 sit.
798 1322 886 1380 Nulla
901 1324 985 1400 igitur
999 1323 1127 1381 absoluta
1140 1322 1265 1380 necessi·

80 1429 115 1472 tas
127 1438 139 1474 a
153 1420 240 1494 gratia
253 1420 362 1478 efficaci
377 1421 529 1478 inducitur.

67 1552 72 1559 -
108 1518 172 1584 105.
194 1517 351 1592 Apostolus
366 1519 482 1594 gratiam
499 1535 596 1572 secum
611 1515 737 1572 laborare
751 1515 903 1591 significat,
919 1516 990 1575 adeo
1004 1509 1036 1574 ut
1049 1518 1145 1593 gratiae
1168 1526 1197 1574 et
1210 1515 1266 1573 sibi

84 1605 187 1675 invicem
209 1631 278 1668 suos
299 1613 402 1670 tribuat
421 1614 550 1670 labores:
575 1611 704 1667 “Gratia
718 1622 809 1667 autem
835 1610 890 1669 Dei
912 1633 976 1672 sum
990 1613 1020 1670 id
1042 1613 1119 1686 quod
1142 1632 1217 1679 sum,
1239 1623 1268 1669 et

84 1706 156 1776 gutia
167 1708 230 1784 ejus
251 1710 281 1765 in
296 1729 341 1766 me
358 1729 445 1767 vacua
460 1728 515 1767 non
532 1707 592 1773 suit,
609 1705 660 1762 sed
672 1705 869 1763 'abuudantius
893 1709 949 1764 iilis
964 1710 1098 1766 omnibus
1120 1708 1265 1766 laboravi:

85 1803 128 1863 nod
150 1823 200 1880 ego
225 1818 328 1874 auteur,
353 1806 404 1863 sed
425 1808 514 1881 gratia
538 1805 592 1861 Dei
615 1802 777 1860 mecum.''²
816 1803 910 1872 Χάριτι
925 1809 949 1857 δὲ
963 1807 1081 1872 §sobino
1094 1808 1177 1872 ὃέιμι·
1195 1805 1264 1872 καὶῆ

82 1895 136 1964 xiib
145 1899 216 1955 dorsi
227 1902 243 1971 ἡ
253 1906 287 1963 ἐις
296 1906 348 1970 ἔμε,
356 1909 383 1956 οὗ
395 1906 452 1971 κενὴ
463 1898 574 1972 ἒγενῆἓη,
582 1899 644 1952 ἀλλὰ
654 1897 821 1966 περισσῦτερον
830 1896 908 1948 ἀυτῶν
920 1891 1017 1946 advena
1028 1889 1150 1945 ἐκοπίασά
1163 1896 1207 1944 ὀνκ
1219 1894 1266 1960 ἔγω

82 1986 163 2045 bidan
174 1991 189 2059 ἦ
199 1989 271 2059 χάρις
281 1993 325 2046 τοῦ
337 1993 420 2061 senis}
434 1993 474 2047 ab
485 1997 548 2060 ἐμόι.
591 1987 693 2043 Verbis
714 1985 867 2063 Augustini
887 1984 971 2040 liceat
986 1991 1094 2037 textum
1119 1981 1196 2037 hunc
1216 1998 1266 2037 ex·

83 2084 188 2141 ponere:
206 2078 356 2152 “perime
371 2097 426 2135 nee
440 2083 528 2155 gratia
544 2083 599 2140 Dei
620 2082 691 2150 sola,
706 2100 759 2138 nec
773 2083 836 2157 ipsc
852 2079 940 2144 solue,
956 2076 1007 2133 sed
1021 2075 1109 2151 gratia
1130 2075 1185 2132 Dei
1200 2092 1267 2133 cum
1334 2136 1337 2149 ,

81 2162 161 2224 illo.”³
200 2171 333 2230 Profecti
349 2175 373 2231 si
388 2177 476 2252 gratia
499 2177 554 2236 Dei
576 2179 773 2236 necessitatem
797 2176 951 2242 induceret,
967 2192 1024 2231 non
1041 2191 1107 2230 eum
1121 2170 1263 2248 Apostoln

80 2256 206 2325 laborasse
219 2268 339 2327 dicenda
350 2271 432 2328 foret.
1239 2269 1243 2276 ’

110 2359 312 2441 Probntnru
335 2385 371 2424 en
390 2367 575 2429 Traditiona

112 2461 172 2517 100.
197 2461 229 2518 S.
244 2460 404 2520 insumus:
428 2466 601 2532 “Quoniam
622 2468 718 2525 liberae
733 2467 879 2525 sententiae
902 2467 935 2523 ab
954 2464 1037 2523 initio
1052 2474 1096 2521 est
1114 2464 1215 2529 homo,
1237 2472 1265 2519 et
1322 2510 1342 2537 .-

74 2541 157 2610 libera
172 2558 320 2613 sententiae
335 2568 378 2614 est
392 2559 483 2628 Dens,
498 2563 579 2638 cujus
595 2561 630 2618 ad
651 2560 978 2631 similitudinemxfactus
995 2569 1048 2622 est,
1063 2576 1179 2633 semper
1198 2575 1265 2613 con·

74 2642 158 2706 sitium
173 2650 255 2708 datur
268 2653 306 2719 ei,
321 2655 465 2712 continere
478 2658 597 2724 bonum,
613 2657 689 2729 quod
704 2658 849 2733 perficitur
863 2674 899 2712 ex
915 2674 957 2720 ea,
974 2671 1039 2724 quae
1054 2663 1098 2709 est
1120 2652 1155 2708 ad
1169 2651 1266 2708 Deum

71 2739 240 2804 obedientia:
263 2757 292 2803 et
306 2767 364 2806 non
379 2756 488 2808 tantum
503 2753 533 2809 in
547 2754 690 2828 operibns,
706 2751 756 2808 sed
772 2752 856 2808 etiam
872 2751 903 2806 in
923 2749 979 2806 fide
1002 2748 1134 2814 liberum,
1154 2755 1184 2802 et
1197 2760 1263 2801 'sna

74 2843 211 2910 potestatis
233 2843 379 2900 arbitrium
397 2845 509 2903 bomini
529 2847 652 2904 servavit
677 2847 830 2913 Dominus,
846 2844 963 2901 dicens:
987 2841 1153 2899 Secundum
1176 2839 1266 2897 fidem

73 2943 138 2996 tuam
152 2939 203 2994 fiat
217 2939 278 3005 tibi,
293 2942 437 3016 propriam
455 2943 539 3001 fidem
556 2944 681 3001 hominis
694 2943 859 3009 osteudens,
876 2939 1009 3014 quoniam
1025 2938 1169 3015 propriam
1184 2954 1266 2993 suam

72 3029 147 3090 babet
160 3035 340 3093 sententiam.
383 3038 424 3094 Et
439 3039 557 3097 iterum:
574 3032 679 3096 Omnia
693 3038 841 3115 possibilia
854 3036 945 3116 (sunt)
960 3034 1105 3093 credenti:
1122 3042 1160 3101 et,
1172 3030 1265 3098 Vade,

69 3129 134 3188 sicut
147 3130 304 3199 credidisti,
320 3134 367 3189 fiat
381 3135 441 3191 tibi.
485 3137 523 3193 Et
536 3138 633 3194 omnia
655 3137 728 3204 talia,
744 3155 803 3193 suae
826 3134 974 3212 potestatis
995 3131 1154 3190 secundum
1177 3128 1265 3187 fidem

66 3228 216 3286 ostendunt
237 3227 394 3288 hominem.
441 3233 482 3289 Et
504 3244 619 3310 propter
631 3233 698 3302 hoc,
712 3235 737 3290 is
759 3234 808 3306 qui
833 3231 924 3290 credit
937 3232 974 3299 ei,
989 3230 1074 3288 babet
1088 3230 1173 3287 vitam
1189 3237 1268 3284 aeter·

65 3320 142 3380 na‘m:
167 3323 216 3396 qni
232 3337 325 3380 autem
340 3327 502 3384 concredit
523 3329 608 3395 Filio,
624 3329 782 3387 nonhabet
804 3331 890 3385 vitam
905 3340 1059 3386 aeternam:
1083 3325 1132 3384 sed
1148 3325 1190 3383 ira
1210 3323 1267 3381 Dei

63 3421 187 3478 manebit
201 3438 287 3495 super
301 3421 406 3496 ipsum.
447 3425 612 3482 Secundum
628 3426 702 3482 hauc
715 3426 802 3500 igitur
816 3426 965 3490 rationem,
978 3436 1007 3481 et
1018 3443 1102 3481 suum
1119 3423 1268 3499 proprium

65 3516 195 3594 (bonum)
212 3517 366 3575 ostendens
392 3520 546 3590 Dominus,
562 3533 590 3581 et
612 3522 658 3577 sui
679 3520 796 3585 arbitrii,
810 3539 844 3576 ac
865 3537 926 3575 suae
948 3520 1096 3593 potestatis
1119 3518 1267 3575 hominem

62 3615 240 3691 significans,
256 3614 367 3674 dicebat
377 3618 427 3692 ad,
444 3619 646 3676 Hierusaiem:
674 3617 813 3683 ‘Quoties
825 3615 903 3672 uoiui
918 3632 1089 3690 congregare
1103 3613 1178 3670 filios
1193 3621 1268 3681 tuos,

63 3709 304 3782 quemadmodum
319 3713 423 3788 gallina
438 3716 530 3790 puiios
547 3733 614 3771 suos
630 3715 683 3770 sub
698 3713 767 3780 alas,
783 3723 811 3770 et
825 3711 963 3769 uoluisti?
984 3710 1169 3786 Quapropter
1182 3707 1268 3766 rolin·

63 3819 163 3879 quetur
177 3805 258 3862 vobis
274 3806 375 3865 domna
391 3822 484 3867 vestra
497 3809 672 3866 deserta.'”⁴
692 3841 693 3844 ¹

101 3905 169 3960 107.
193 3899 449 3963 'l'ununumnnnsz
473 3905 580 3962 “Tota
594 3922 662 3980 ergo
682 3903 796 3960 libertas
811 3901 919 3959 arbitrii
940 3901 1133 3972 neutramque
1155 3907 1267 3975 partam

64 4015 200 4066 concessa
213 4010 257 4057 est
271 3999 322 4066 itti,
336 4010 368 4055 ut
381 4000 427 4056 sni
440 3999 583 4057 Dominus
597 4005 938 4063 constanteroccurreret,
949 3997 1026 4054 bono
1037 4003 1140 4071 sponte
1152 4012 1270 4051 servan·

63 4090 106 4163 do,
119 4105 154 4163 et
164 4096 243 4153 malo
258 4107 359 4172 sponte
374 4095 507 4153 vitando:
528 4096 666 4168 quoniam
680 4093 792 4152 stelias
814 4093 942 4171 positum
957 4092 1104 4151 hominem
1118 4090 1172 4148 sub
1187 4086 1268 4166 judi.

428 4303 472 4367 (t)
492 4302 560 4350 Deci.
573 4303 642 4352 mi.
654 4308 681 4352 0.

428 4389 472 4457 (2)
492 4387 503 4435 1
524 4388 579 4436 Cor.
591 4404 632 4438 xv.
645 4389 684 4437 10.

428 4472 466 4529 (3)
485 4471 515 4519 Ι..
526 4472 556 4520 de
568 4472 644 4534 gratie
655 4479 679 4520 et
690 4471 731 4520 lib.
742 4472 792 4520 ado.
803 4487 828 4521 n.
842 4473 881 4522 12.

426 4556 466 4620 [4)
484 4554 514 4607 Ι..
527 4555 560 4605 iv.
570 4554 626 4606 adv.
637 4553 694 4606 har.
706 4569 727 4605 e.
739 4553 808 4605 lxxii
