2744 5024
334 242 622 362 ualnononu'u
643 276 822 339 ornuuu
843 277 1019 338 unnrro.
1232 275 1289 334 sar

77 444 232 510 possum
273 433 342 493 Ideo
356 437 462 511 sapius
475 433 595 493 adduxit
606 434 783 510 Augustinus
797 432 867 492 iilud
881 432 1036 509 Sapientis
1049 429 1243 490 testimonium
1257 429 1297 488 ds

69 527 176 603 justo
202 530 234 586 in
255 539 336 588 aetate
350 529 474 605 juvenili
488 528 663 588 decedenter
686 530 840 587 “Plausus
857 528 923 586 Dso
947 528 1039 586 faetus
1061 530 1109 586 ist
1120 526 1250 592 dilectus,
1265 535 1297 583 st

77 623 200 682 vivens
214 625 288 683 inter
300 634 464 700 psoontoms
478 623 628 683 trsnsiutns
642 633 704 691 est;
726 633 824 700 raptus
844 633 889 681 est
902 640 938 680 ne
953 622 1061 680 malitia
1079 630 1201 680 mutaret
1213 620 1294 678 intei-

78 717 204 775 leotum
221 719 294 794 ejus,
309 727 358 777 aut
371 736 408 779 oe
422 717 500 776 iiotio
512 717 667 798 deciperet
685 719 809 776 animam
831 717 909 775 iilius
929 757 938 774 .
961 757 969 775 .
992 757 1001 774 .
1022 717 1214 792 piacitasnim
1235 715 1306 797 orat.

85 809 166 872 lieo
179 813 277 871 anima
290 813 384 870 iliius:
407 824 522 888 propter
535 813 591 871 hoo
606 812 768 888 properarit
778 811 994 895 edueersilium
1006 811 1043 869 de
1056 811 1151 869 medio
1165 811 1299 883 iniquita·

83 907 208 967 {mm
229 918 250 944 ‘⁶
260 907 396 975 Videts,'’
409 909 502 981 inquit
511 908 698 985 Augustinus,
715 917 735 946 “
747 927 764 965 a
774 909 891 966 veritato
901 908 1036 980 quamsit
1046 908 1180 975 siisnurn,
1192 924 1298 982 negare

88 1001 211 1063 donam
225 1002 283 1061 Dei
296 1022 361 1063 osse
375 1005 612 1081 perseverantiam
627 1022 719 1076 usque
733 1005 763 1060 in
778 1003 865 1061 tinem
880 1004 965 1078 hujus
980 1004 1056 1071 rito,
1070 1021 1137 1060 oum
1151 1003 1216 1059 ritus
1230 1001 1300 1059 huis

91 1097 218 1170 quando
231 1099 360 1165 roiuorit,
375 1100 438 1175 ipse
453 1098 500 1157 dst
524 1098 611 1156 tinem
625 1118 633 1166 ;
654 1117 741 1170 quem
755 1099 787 1154 si
813 1097 861 1156 dat
880 1098 1163 1167 snte,immineritem
1182 1097 1307 1176 lapsum·

100 1189 169 1247 iacit
190 1191 340 1250 homiuem
353 1210 535 1270 perseverare
548 1211 641 1265 usquo
651 1193 682 1251 in
692 1191 827 1250 finem.''⁸

640 1454 760 1469 —

222 1655 365 1716 CAPUT
385 1656 455 1715 XII.
496 1655 553 1714 DE
576 1654 785 1714 BONORUM
806 1656 984 1715 OPERUM
1005 1655 1181 1715 MERITO.

142 1835 213 1890 410.
235 1831 318 1890 Bous
338 1849 425 1906 opors
437 1849 471 1888 sa
485 1829 678 1905 inteiiiguutur
691 1848 755 1904 quae
775 1831 810 1887 ab
825 1830 942 1889 homine
951 1831 1031 1906 justo
1046 1830 1127 1896 fiunt,
1142 1847 1180 1886 ex
1200 1829 1298 1905 gratiae

107 1923 210 1985 divinos
224 1926 360 2002 impulsu,
376 1935 405 1982 et
426 1944 476 2001 psr
490 1924 649 1992 Christum,
667 1926 749 2001 cujus
758 1926 855 2001 justus
869 1926 966 1982 vivum
987 1936 1031 1981 est
1051 1925 1222 1991 membrum,
1236 1923 1302 1981 Deo

106 2020 272 2079 offsmntur.
291 2019 602 2095 Qurejustitieutiouem
613 2019 776 2094 precedunt
787 2019 854 2076 iilud
864 2037 970 2077 nomeu
979 2016 1055 2075 haud
1066 2019 1202 2086 obtinent,
1213 2037 1303 2090 quum

98 2102 163 2174 'non
174 2116 289 2192 possint
302 2116 359 2173 rim
375 2125 404 2173 et
414 2115 545 2172 meritum
561 2114 674 2180 habere,
687 2123 826 2186 quatenus
837 2135 853 2171 a
864 2124 1011 2190 peccatore
1022 2114 1103 2171 fiunt.
1136 2114 1302 2182 Forbssius‚

109 2212 274 2288 Angiiesuis
298 2213 365 2269 iiust
377 2211 495 2268 studens
511 2211 631 2285 placitis,
644 2230 678 2266 ea
692 2210 823 2287 intelligit
834 2221 854 2248 ‘⁸
865 2230 928 2283 qure
943 2230 994 2286 per
1010 2211 1156 2287 justitiam
1177 2212 1306 2270 habitua-

109 2305 174 2374 lem,
187 2309 207 2364 i.
222 2326 248 2363 e.
266 2307 296 2363 in
310 2309 373 2382 ipsa
382 2307 587 2383 justificatione
602 2307 736 2372 infusam,
759 2308 954 2373 inhaerentem,
970 2317 998 2364 et
1017 2317 1229 2383 permanentem
1244 2309 1305 2368 effi·

108 2402 230 2468 eiurrtnr,
243 2415 329 2474 atque
341 2403 385 2458 sio
399 2401 517 2477 speciali
533 2401 654 2473 quadam
669 2402 777 2459 rationo
791 2401 923 2460 dicuutur
936 2403 1011 2459 bona
1024 2403 1158 2479 opera.”⁸
1197 2404 1305 2464 Latiori

109 2506 216 2556 tanturn
231 2516 318 2554 seusu
332 2516 367 2555 ea
380 2497 513 2555 dicuntur
524 2516 612 2572 opera
625 2500 709 2564 bour,
724 2516 788 2570 quae
803 2498 984 2556 rationi'sunt
1003 2517 1140 2566 consona,
1157 2509 1186 2556 ot
1205 2502 1304 2560 sensui

112 2592 245 2660 humano,
260 2594 392 2665 quamvis
407 2594 484 2651 omui
495 2602 608 2648 careant
619 2592 718 2649 virtute
732 2593 948 2666 supernaturali.

146 2693 217 2747 411.
238 2687 381 2746 Lntirerus
395 2689 555 2763 sepissime
570 2688 598 2744 in
614 2689 688 2744 bona
701 2705 788 2762 opera
802 2689 931 2746 invectus
945 2695 998 2754 est,
1013 2688 1110 2761 specis
1123 2687 1238 2760 quidem
1254 2689 1306 2747 iru-

111 2801 223 2842 manam
247 2783 410 2859 superbiam
437 2781 620 2858 reprimendi,
644 2781 695 2838 sod
719 2792 794 2839 tauta
815 2781 963 2839 verborum
986 2781 1101 2839 lieentia
1114 2800 1178 2854 quse
1193 2802 1306 2842 morum

114 2880 281 2958 corruptele
295 2881 421 2937 faveret:
445 2889 465 2915 ‘⁶
476 2880 553 2954 Erga
564 2878 693 2946 Deum‚’'
707 2879 808 2951 inquit,
824 2888 844 2914 ‘⁶
855 2895 912 2935 nou
929 2879 1074 2954 operibus,
1089 2878 1140 2936 sed
1160 2880 1235 2937 nuda
1247 2882 1306 2940 fide

114 2975 276 3052 indigemus
289 2995 297 3043 ;
319 2965 456 3033 debemus
470 2975 547 3031 enim
562 2993 628 3031 eum
649 2975 711 3031 soio
725 2974 805 3035 Isaeo
820 2973 926 3039 venire,
948 2971 977 3030 id
998 2983 1051 3040 est,
1067 2974 1096 3032 in
1110 2973 1185 3032 fide:
1207 2993 1306 3055 servos

111 3082 138 3129 et
151 3073 260 3138 ssinos,
277 3072 331 3128 hor
344 3082 400 3138 est,
424 3088 512 3147 opera
527 3069 660 3127 deorsum
682 3069 823 3126 dimittere
844 3078 964 3146 oportet.
1006 3068 1120 3133 Qusuto
1142 3071 1306 3132 sceleratior

112 3165 155 3235 rs,
170 3177 249 3225 tauto
262 3167 346 3224 eitius
370 3165 451 3223 Deus
465 3185 544 3223 suam
560 3165 678 3240 gratiam
698 3163 869 3223 infundit.''⁴
908 3163 1046 3247 Audiatur
1067 3164 1227 3233 Walohius‚
1242 3162 1309 3229 dea·

112 3263 218 3320 tissimi
231 3263 320 3337 patris
333 3262 378 3318 sui
393 3261 528 3333 (Lotheri
542 3259 658 3338 nempe)
674 3261 821 3319 vindicans
836 3277 983 3318 sermones
996 3264 1003 3319 ἱ
1032 3269 1052 3298 “
1063 3261 1173 3338 Objicis
1194 3263 1309 3322 duriora

111 3359 242 3433 qnaedaui
264 3357 383 3416 Lutheri
405 3357 441 3415 de
455 3357 656 3424 hormisdam,
671 3357 834 3432 eujusmodi
855 3358 932 3415 sint:
955 3358 1089 3416 doctrinm
1110 3361 1217 3434 puritas
1232 3376 1308 3421 arete

111 3453 243 3521 tenenda,
265 3455 332 3510 vitre
353 3465 445 3510 autem
461 3452 595 3509 sauctitas
609 3469 666 3508 non
681 3451 752 3507 adeo
770 3448 867 3526 ‚rigide
889 3451 1037 3525 urgenda;
1059 3464 1165 3523 quanto
1189 3450 1314 3513 scelera(

112 3551 166 3609 tior
179 3561 257 3607 tauto
270 3549 366 3625 gratie
381 3548 522 3604 vicinior:
545 3545 622 3604 uuila
635 3556 751 3620 peecata
772 3552 894 3620 possunt
907 3544 1050 3610 damnare,
1066 3546 1121 3601 nisi
1136 3547 1198 3604 sola
1217 3549 1308 3631 inore·

112 3645 215 3702 duiitas
228 3644 291 3709 :rei
305 3644 413 3701 uxoria
430 3660 546 3718 operam
562 3641 639 3707 dare,
655 3650 710 3696 tam
724 3640 827 3712 auique
838 3650 883 3695 est
894 3639 1097 3705 necessarium,
1110 3657 1196 3711 quam
1211 3640 1306 3710 eders,

113 3739 220 3806 bibero,
234 3738 368 3796 dormire.
397 3738 537 3796 lnvnunu
551 3755 644 3793 runnu
659 3752 844 3792 senmrnrrus
859 3753 949 3792 unsri
963 3752 1024 3791 vrm
1039 3752 1120 3791 risun
1135 3738 1306 3797 sautum?

117 3836 216 3913 Pergit
229 3836 351 3912 allegare
362 3841 457 3892 mores
471 3833 533 3908 ejus
545 3834 660 3908 probos,
670 3832 707 3889 ds
718 3830 882 3904 quibusqui
894 3829 953 3887 vult
962 3840 1069 3889 rectum
1084 3832 1156 3888 serre
1166 3826 1308 3909 judicium

114 3931 244 3990 sousnlat
256 3949 302 3988 ros
316 3931 378 4007 ojus
393 3940 487 4004 gestas
502 3928 663 4004 nuperrime
678 3926 736 3992 aJ.
751 3927 788 3982 V.
804 3923 902 3984 Audiri
916 3924 1037 3983 fideliter
1056 3932 1224 3986 enarratas.⁵
1250 3933 1308 3990 Ad·

380 4102 421 4167 (i)
441 4099 541 4162 Sapir.
555 4098 661 4146 10-14.

380 4186 417 4244 (2)
435 4183 501 4243 Aug.
513 4182 554 4230 lib.
565 4180 595 4230 ds
602 4181 668 4229 douo
678 4195 769 4244 persor.
781 4195 802 4228 e.
812 4177 874 4230 xvii.

380 4269 417 4328 (8)
435 4267 466 4316 In
475 4266 602 4315 Considsr.
612 4265 706 4329 psoifie.
715 4265 745 4313 ds
753 4265 832 4330 justis.
843 4266 859 4314 l.
869 4264 887 4313 i.
897 4281 919 4314 o.
928 4263 988 4323 titt
1003 4267 1026 4313 8.
1042 4252 1046 4262 ⁸

382 4351 424 4417 (4)
444 4350 522 4399 Sorm.
533 4350 563 4399 ds
573 4349 633 4412 piso.
645 4347 718 4397 Petri.

381 4436 421 4500 (5)
440 4435 488 4484 Vis
499 4434 529 4484 ds
540 4432 630 4484 Mum
643 4430 745 4493 Luthor,
757 4433 920 4493 ramosus.

235 4579 311 4638 Vor..
326 4579 444 4637 11.-³1
