2744 5024
566 80 627 147 ,Γ
928 132 932 144 .

457 228 485 279 »’
559 168 800 299 ‘uranum
1066 300 1081 331 ,ι
1163 192 1166 195 ’
1222 178 1285 299 ,iu

10 389 12 394 ’
129 391 178 451 64.
201 389 262 473 Sub
275 368 427 451 maledicto
439 386 523 471 legis,
537 406 683 465 uunquam
694 390 727 449 tit
736 384 854 458 bonum,
864 389 931 465 quis
939 398 1072 467 peccatur
1082 390 1143 448 sive
1155 391 1285 452 faciendo
1310 406 1312 410 ·

27 550 34 571 ,
55 524 65 538 ι
85 487 205 556 malum,
220 488 282 555 sive
297 485 366 547 illud
381 484 495 545 nonnisi
510 488 547 545 ob
563 488 692 562 timorem
708 485 866 547 evitando..
1013 538 1021 553 ,

34 642 41 654 ,
127 587 176 640 db.
189 584 324 660 Moyses,
334 582 497 658 Prophete,
510 583 680 643 Sacerdetss
691 583 721 641 tlt
736 578 876 641 Doctores
891 583 963 661 legis
975 585 1079 643 mortui
1090 595 1166 652 suut,
1177 568 1309 659 absqud'.

83 695 123 737 eo
137 677 215 751 quod
228 677 319 737 ullum
335 676 399 737 Deo
413 677 542 739 dederint
555 679 658 747 tilium,
669 696 737 741 sum
749 697 807 739 non
821 677 979 748 effecerint,
993 679 1050 739 uisi
1071 680 1215 756 mancipia
1235 697 1287 757 per

85 775 231 840 timorem.

128 874 176 931 66.
189 871 248 939 Qui
264 871 396 931 rultDeo
406 872 647 950 appropinquare,
662 891 715 932 nec
730 872 814 933 debet
827 871 863 930 ad
876 873 972 950 ipsum
987 873 1084 931 venne
1095 891 1160 931 cum
1177 874 1288 934 brutali-

87 970 142 1027 bus
157 969 351 1044 passionibus,
367 987 459 1042 neque
474 969 575 1027 adduci
590 990 642 1047 per
655 971 821 1029 instinctum
835 971 1002 1039 naturalem,
1018 982 1066 1030 aut
1079 987 1131 1046 per
1145 970 1289 1041 timorem,

86 1067 173 1125 sicuti
188 1067 297 1135 bestie,
312 1066 364 1127 sed
378 1085 430 1143 per
444 1066 541 1135 fidem,
557 1068 586 1125 dr
601 1087 652 1144 per
666 1086 793 1127 amorem
807 1068 881 1126 sicut
895 1068 958 1127 lilii.

129 1167 178 1225 67.
197 1164 299 1223 Timor
317 1165 498 1238 servilisgnou
510 1166 565 1222 sibi
575 1175 758 1243 repraesentat
772 1165 879 1233 Deum,
894 1165 950 1225 nisi
960 1173 992 1223 ut
1003 1163 1161 1225 Dominum
1176 1164 1288 1232 durum,
1319 1200 1322 1207 ·

88 1261 287 1337 imperiosum,
301 1262 457 1337 injustum,
470 1262 685 1320 intractabilem.

128 1361 176 1417 68.
200 1357 256 1416 Dei
284 1358 593 1417 bonitas-abbreviavit
619 1360 692 1419 viam
713 1361 812 1418 salutis
837 1360 994 1419 claudendo
1015 1371 1104 1421 toturn
1131 1361 1238 1420 infide
1260 1362 1290 1419 dr

90 1455 233 1530 precibus.
820 1444 823 1453 ’

129 1554 177 1608 69.
200 1551 298 1617 Fides,
313 1569 393 1617 usne,
408 1563 603 1627 augmentum,
621 1551 650 1609 ds
665 1552 814 1627 premium
829 1550 906 1627 fidei,
922 1560 1012 1610 totum
1026 1561 1069 1611 est
1090 1550 1197 1613 donum
1212 1570 1289 1629 pure

90 1644 266 1703 liberalitatis
282 1645 347 1703 Dei.

129 1748 179 1802 70.
203 1743 359 1816 Nunquam
381 1743 461 1801 Deus
476 1744 576 1821 affligit
590 1746 769 1810 innocentes,
785 1744 814 1802 dt
831 1744 999 1802 afflictiones
1015 1763 1129 1821 semper
1152 1746 1290 1813 serviunt,

90 1840 135 1899 vel
147 1840 182 1899 ad
196 1839 369 1916 puniendum
385 1852 543 1913 peccatum,
561 1842 603 1900 vel
619 1841 653 1899 ad
667 1842 874 1918 purificandum
890 1852 1078 1918 peccatorem.

129 1942 180 1996 71.
203 1937 301 1996 Homo
315 1939 351 1995 ob
366 1939 410 1998 sui
425 1939 669 1997 conservationem
685 1949 777 2015 potest
790 1957 855 1996 sese
864 1920 1032 2015 dispensare¹
1042 1939 1076 1996 ab
1088 1956 1121 1995 ea
1129 1938 1193 2014 lege
1204 1957 1290 2012 quam

91 2035 172 2094 Deus
187 2035 323 2102 condidit,
341 2046 455 2112 propter
468 2038 627 2095 utilitatem.
1274 2112 1278 2118 ,

123 2139 173 2192 72.
196 2133 273 2190 Nota
287 2133 426 2190 Ecclesia
443 2133 614 2191 (lhristianae
629 2144 683 2198 est,
697 2131 774 2205 quod
789 2133 827 2190 sit
838 2133 985 2200 catholica,
1001 2133 1291 2210 comprehendens&

90 2247 192 2288 omnes
221 2230 347 2306 Angelos
375 2229 447 2295 coeli,
477 2230 506 2287 de
534 2249 635 2289 omnes
660 2230 777 2296 electos,
807 2229 837 2289 dt
862 2230 957 2305 justos
986 2241 1076 2297 terrm,
1106 2229 1134 2287 dr
1163 2230 1291 2317 omniurn

91 2328 274 2385 saeculorum.

133 2427 181 2480 73.
205 2424 280 2490 Quid
296 2435 339 2482 est
354 2426 497 2492 Ecclesia,
513 2424 569 2482 nisi
583 2432 674 2481 coetus
685 2423 808 2481 filiorum
825 2422 881 2480 Dei
895 2424 1070 2482 manentium
1092 2423 1121 2481 in
1136 2423 1199 2499 ejus
1215 2425 1292 2489 sinu,

93 2517 290 2594 adoptatorum
305 2521 334 2578 in
349 2520 477 2587 Christo,
493 2520 707 2577 subsistentium
723 2519 753 2575 in
773 2520 835 2593 ejus
858 2537 989 2592 persona,
1005 2518 1215 2593 redemptorum
1230 2519 1293 2593 ejus

93 2615 244 2688 sanguine,
262 2616 415 2675 viventium
431 2616 494 2692 ejus
509 2615 621 2690 spiritu,
637 2612 779 2688 agentium
795 2630 846 2686 per
859 2613 921 2687 ejus
943 2612 1070 2690 gratiam,
1093 2609 1122 2667 do
1143 2621 1294 2686 expectan-

93 2709 164 2768 tium
180 2713 298 2786 gratiam
316 2713 400 2771 sutori
415 2713 521 2772 soeculi.
1100 2770 1102 2772 ,

133 2811 181 2864 74.
205 2807 347 2875 Ecclesia,
359 2810 420 2866 sive
435 2811 543 2884 integer
558 2805 703 2872 Christus,
715 2806 890 2864 incarnatum
902 2804 1028 2879 Verbum
1039 2802 1133 2868 habet,
1146 2813 1176 2863 ut
1185 2814 1270 2879 caput
1283 2822 1291 2870 ς

93 2905 604 2963 omnesveroSsnutosutmembra.
997 2968 1006 2977 ‚
1245 2894 1251 2913 '

134 3005 183 3058 76.
206 3001 339 3058 Ecclesia
358 3014 402 3059 est
422 3019 495 3060 unus
516 3001 594 3058 solus
616 2999 714 3065 homo,
739 2998 916 3074 compositus
937 3017 975 3056 ex
996 2999 1124 3074 pluribus
1146 3002 1292 3068 membris,

94 3115 215 3168 quorum
239 3097 372 3156 Christus
393 3109 436 3156 est
463 3108 557 3173 caput.
580 3097 646 3161 vita,
667 3094 860 3163 subsistentis,
883 3095 912 3154 do
933 3114 1073 3172 persona;
1102 3116 1176 3157 unns
1203 3099 1315 3166 solus·

96 3191 230 3249 Christus
244 3195 420 3269 compositus
436 3193 612 3267 expluribus
628 3191 750 3257 Sanctis,
766 3209 886 3263 quorum
903 3200 948 3249 est
961 3190 1161 3269 sanctificator.

66 3357 77 3375 ἢ
135 3291 183 3346 76.
208 3289 289 3345 Nihil
307 3290 460 3364 spatiosius
482 3288 616 3347 Ecclesia
636 3286 787 3361 Dei-,quis
807 3306 908 3345 omues
929 3288 1022 3356 electi,
1038 3288 1148 3366 &justi
1165 3292 1295 3350 omnium

96 3385 267 3449 seculorum
283 3386 359 3444 illam
374 3397 559 3467 componunt.
611 3382 614 3387 ’

137 3486 186 3538 77.
202 3481 267 3547 Qui
281 3501 338 3538 non
353 3480 431 3539 ducii
444 3481 529 3545 rbem
545 3480 659 3554 dignam
681 3477 756 3535 Filio
778 3477 834 3535 Dei
856 3470 1036 3537 &membro
1061 3479 1182 3550 Christi,
1204 3495 1300 3544 cessat
1333 3525 1335 3529 -

97 3577 216 3633 interius
233 3577 335 3635 babere
354 3578 443 3635 Deum
461 3595 512 3652 pro
524 3576 619 3641 Patre,
635 3574 665 3632 tit
681 3572 829 3651 Christum
844 3592 896 3649 pro
908 3574 1010 3649 eapite.
1087 3634 1091 3641 ,

137 3677 187 3731 78.
210 3674 363 3748 Separatur
377 3674 440 3746 quis
456 3692 472 3729 a
486 3673 593 3749 populo
607 3672 708 3737 electo,
724 3671 805 3746 cnjus
820 3670 910 3745 figura
931 3670 984 3727 fuit
1006 3669 1128 3745 populus
1143 3666 1296 3744 iudaicus,

100 3769 130 3827 lb
144 3781 228 3846 caput
242 3781 286 3827 est
298 3770 385 3827 Jesns
397 3769 608 3837 Chriatns‚⁵tsm
623 3788 680 3825 non
693 3765 815 3825 vivendo
824 3762 980 3825 'secundum
994 3767 1195 3844 Evangelium,
1211 3789 1296 3843 quam

100 3882 157 3922 non
172 3864 316 3921 credendo
336 3865 505 3940 Evangelio.
699 3894 710 3907 ··
741 3856 744 3860 ’
948 3874 971 3933 ar
1242 3932 1247 3941 ¹

138 3963 189 4020 79.
213 3958 289 4018 Utile
304 3960 334 4018 do
348 3959 539 4017 necessarium
555 3969 598 4015 est
609 3959 686 4014 omni
702 3969 840 4032 ternpore,
855 3958 933 4014 omni
953 3954 1074 4031 leode&
1088 3965 1167 4020 omni
1181 3983 1298 4041 percon.
1349 4001 1352 4007 .

102 4073 178 4113 arum
194 4057 292 4132 generi
306 4054 430 4121 studere,
446 4054 475 4112 do
490 4073 662 4130 cognoscere
677 4054 818 4129 spiritum,
834 4053 978 4129 pietatem,
994 4028 1023 4112 dr
1043 4059 1180 4133 mysteria
1201 4061 1296 4119 Saietae

94 4152 265 4229 ¹Scripturas⁸
1249 4158 1255 4171 '

141 4253 190 4307 86.
213 4249 313 4306 Lectio
328 4249 422 4306 Sacrae
435 4247 648 4324 scriptumest
663 4265 714 4323 pro
728 4248 871 4306 omnibus.
1066 4314 1069 4318 ⁴
1115 4326 1118 4331 Ι
1165 4274 1177 4289 ·
1272 4280 1279 4307 .·
1312 4296 1334 4353 u

141 4348 191 4404 81.
206 4343 372 4403 Obscuritas
384 4345 474 4402 sancti
486 4334 640 4421 verbibei,
652 4354 761 4402 nonest
775 4343 870 4403 Laicis
886 4344 955 4404 ratio
970 4344 1155 4423 dispensandi
1169 4367 1201 4407 se
1215 4349 1297 4427 ipsos

1321 4134 1346 4171 ᾖ.

103 4441 136 4500 ab
143 4442 211 4529 ejus
227 4438 359 4498 lectione.
