2744 5024
246 190 256 206 ·
360 236 417 298 AD
438 237 688 298 MERENDUM
710 237 984 298 NECESSARIA.
1222 240 1281 296 878

77 401 188 460 rentur,
199 409 250 450 eor
263 390 373 450 seilicet
384 395 535 453 contritum
550 394 770 461 ethumilirtum
786 390 866 451 Deus
877 411 936 451 non
943 391 1092 469 despiciet.
1133 393 1183 452 Ait
1196 392 1282 470 igitur

80 486 282 564 ¹Augustinus:
304 495 324 523 ‘¹
338 487 397 547 Sed
408 507 462 566 nee
476 490 541 565 ipse
559 489 692 548 remissio
714 497 896 566 peccatorum
909 488 972 546 sine
986 486 1086 566 aliquo
1107 488 1212 549 merito
1226 498 1281 557 est,

81 582 109 639 si
122 580 196 641 fides
210 581 284 641 hanc
298 582 440 660 impetrat.
481 584 587 657 Neque
600 585 680 643 enim
706 584 816 642 nullum
838 592 884 641 est
903 584 1036 642 meritum
1056 583 1134 653 fidei,
1156 602 1212 656 qua
1224 582 1282 643 lide

82 674 131 733 ille
140 674 262 734 dicebat:
305 677 397 736 ‘Deus
412 679 554 755 propitius
567 691 629 738 esto
640 680 711 738 mihi
725 677 889 755 peecatori,’
899 689 928 735 et
940 677 1088 738 deseendit
1096 680 1281 757 justificatus,

83 770 186 828 merito
200 769 293 828 tidelis
303 770 514 829 humilitatis.”¹
996 832 1000 838 ,

122 869 194 925 sul.
215 866 312 934 Quum
332 868 471 927 bonorum
500 888 617 946 operum
652 869 789 927 exercitio
819 867 1010 945 comparanda
1030 869 1069 927 sit
1091 870 1148 928 vite
1167 878 1281 939 reterns,

82 968 163 1037 patet
174 979 210 1019 ea
222 980 286 1019 esse
300 965 471 1022 necessaria.
512 963 657 1037 Equidem
682 964 770 1021 enimi
784 963 914 1021 voluntas
928 972 1006 1039 grate
1026 972 1055 1020 et
1067 973 1184 1039 recepta
1197 963 1282 1023 habe·

83 1067 140 1124 tur,
153 1054 302 1115 deficiente
316 1058 467 1117 occasione
488 1078 521 1117 es
535 1058 706 1126 exercendi;
728 1057 778 1115 sed
793 1059 913 1116 omnino
932 1045 1058 1134 exigitur
1071 1067 1102 1115 ut
1114 1057 1212 1116 omnia
1225 1057 1283 1116 Dei

83 1151 227 1220 mandata,
240 1162 270 1210 et
282 1171 400 1211 munere
414 1154 560 1213 christiani
575 1154 701 1212 hominis
715 1154 837 1226 quisque
847 1153 1041 1230 amplectatur.
1068 1152 1139 1211 Ideo
1148 1151 1282 1211 Christus

82 1265 149 1306 eom
162 1249 312 1325 proposuit
325 1250 391 1308 ritae
405 1250 598 1328 adipiscendo
621 1251 825 1319 conditionem,
841 1259 873 1308 ut
895 1252 959 1325 quis
983 1249 1116 1310 mundata
1136 1261 1284 1310 servaret:

84 1352 105 1380 ‘⁸
117 1344 151 1402 si
162 1355 256 1404 autem
268 1347 311 1405 sis
323 1347 358 1406 sd
373 1350 458 1407 vitam
473 1347 593 1424 ingredi,
609 1366 691 1406 servs
704 1347 880 1406 mandatnm
919 1347 1049 1424 Injunxit
1061 1349 1145 1407 etiem
1160 1350 1283 1425 Aposto-

83 1439 121 1496 lis
136 1450 169 1515 ut
179 1439 278 1499 fideles
290 1442 441 1502 edocerent
455 1445 552 1502 omnia
572 1463 635 1516 qnae
656 1445 720 1519 ipse
741 1443 799 1501 illis
820 1443 1002 1509 mandaverat
1027 1442 1183 1500 servanda:
1207 1439 1284 1501 “'do-

82 1546 184 1594 eentes
198 1555 248 1595 eos
260 1556 372 1597 servare
385 1542 492 1608 omnia,
508 1557 696 1613 quecumque
712 1538 843 1597 mandavi
858 1538 986 1597 vobis.'’⁸
1025 1539 1156 1605 Nemini,
1170 1538 1238 1596 licet
1251 1557 1282 1597 se

83 1631 201 1700 colenti,
216 1633 351 1693 emiorum
366 1635 472 1694 aditum
487 1647 583 1712 patere
599 1636 697 1718 voluit,
710 1636 759 1708 qui
775 1635 948 1693 voluntatem
962 1635 1066 1702 Patris,
1082 1653 1145 1707 quse
1167 1634 1282 1693 menda·

86 1728 126 1786 tis
150 1730 294 1806 precipue
309 1731 476 1801 declaratur,
490 1733 608 1808 implere
623 1733 796 1809 negligeret:
819 1741 839 1769 “
853 1733 922 1790 Non
936 1732 1030 1790 omnis
1043 1732 1093 1803 qui
1108 1728 1177 1788 dicit
1200 1732 1282 1800 mihi,

83 1823 222 1893 Domine,
236 1826 371 1894 Domine,
392 1828 507 1890 intrabit
526 1830 555 1886 in
577 1847 696 1905 regnum
717 1828 872 1895 coelorum;
894 1826 945 1884 sed
959 1827 1009 1898 qui
1026 1823 1093 1883 lecit
1106 1825 1279 1885 volontatem

85 1919 182 1978 Patris
197 1920 254 1979 mei
268 1923 318 1996 qui
327 1923 357 1981 in
366 1923 446 1981 coelis
455 1934 507 1992 est,
522 1925 585 2001 ipse
596 1923 709 1982 intrabit
722 1924 753 1980 in
762 1942 879 1999 regnum
892 1920 1078 1980 eoelorum.”⁴
1098 1920 1183 1988 Quod
1197 1923 1284 1999 igitur

84 2015 447 2094 Evangeliumlibertatem
457 2007 642 2087 serumserat,
652 2019 867 2096 intelligendum
876 2017 963 2077 estde
972 2018 1284 2078 immunitatearitibus

83 2113 236 2183 Moesicis,
251 2124 280 2172 et
289 2115 400 2192 legibue
411 2118 520 2175 ceteris
535 2117 671 2175 Israelitis
686 2117 835 2192 speciatim
848 2116 932 2184 datis,
942 2126 970 2174 et
983 2136 1000 2173 e
1012 2116 1122 2192 peceati
1137 2117 1282 2184 servitute,

13 2230 22 2251 ν
87 2208 241 2286 adoptione
257 2211 379 2269 filiorum
394 2212 476 2270 nobie
501 2213 613 2269 tributa.
655 2212 763 2288 Legem
778 2221 872 2270 autem
886 2222 1014 2270 sanctam
1039 2211 1121 2270 nobis
1136 2233 1152 2271 a
1167 2211 1285 2272 Christo

81 2305 278 2382 prescriptam
305 2326 417 2366 seruere
438 2307 569 2376 fideliter,
591 2311 644 2367 sub
665 2309 793 2367 interitus
808 2310 904 2366 aetemi
925 2328 1020 2388 poena,
1046 2318 1171 2386 oportet.
1213 2310 1286 2370 Ideo

81 2399 154 2458 dicit
166 2398 311 2459 Jeoobue:
334 2402 425 2468 “Qui
441 2413 535 2460 antem
551 2404 729 2480 perspexerit
749 2405 778 2462 in
800 2404 893 2482 legem
914 2404 1070 2480 perfectam
1093 2405 1242 2475 libertatis,
1257 2418 1287 2464 et

84 2498 277 2574 permanserit
287 2498 318 2556 in
332 2518 376 2567 ee,
392 2519 449 2558 non
464 2500 574 2558 auditor
588 2503 744 2559 obliviosus
759 2500 860 2566 factus,
875 2500 926 2558 sed
940 2502 1030 2559 faetor
1043 2504 1149 2577 operis,
1164 2503 1211 2561 hie
1222 2504 1286 2561 bea·

81 2605 130 2652 tus
145 2595 175 2653 in
190 2594 264 2654 sacto
285 2614 339 2654 suo
359 2595 458 2654 erit.”⁵
498 2595 667 2672 Opportune
689 2596 887 2654 animadvertit
907 2596 1030 2654 Bullus:
1053 2596 1156 2654 uHeee
1176 2599 1285 2656 utinum

83 2687 162 2747 serid
176 2689 383 2766 expendissent
397 2691 624 2749 Reformatorum
641 2691 838 2766 theologorum
852 2680 991 2766 plerique,
1007 2690 1057 2763 qui
1071 2688 1107 2750 de
1121 2690 1285 2750 discrimine

81 2786 158 2862 legis
172 2801 202 2844 es
214 2786 366 2863 Evangelii
390 2789 477 2846 multe
491 2789 675 2864 seripserunt,
688 2782 808 2860 quique,
819 2787 864 2863 (ut
876 2787 951 2844 salse
967 2787 1108 2865 Grotius,)
1124 2789 1154 2846 in
1175 2788 1229 2845 hec
1249 2788 1285 2847 de

78 2882 288 2959 justificatione
311 2885 503 2941 controversie
528 2883 712 2960 triumphant,
734 2884 815 2955 quasi
840 2881 1014 2959 incognitam
1027 2882 1157 2959 plurimis
1171 2885 1284 2942 suculis

84 2978 183 3037 lucem
197 2993 213 3035 e
228 2978 300 3037 ooelo
312 2978 526 3037 detulissent.'’⁰

122 3078 193 3134 472.
218 3052 498 3152 Supererogotionie
513 3093 600 3154 opero
613 3084 823 3134 consueverunt
836 3074 1023 3152 a'l'heologis
1038 3075 1094 3134 diei
1108 3076 1158 3136 illa
1176 3075 1284 3153 perseo·

80 3173 158 3232 tiore
171 3171 305 3231 virtutum
319 3162 532 3246 exercitiaque
547 3172 745 3231 commendata
758 3187 834 3240 sunt,
846 3173 916 3245 quin
930 3183 1072 3250 precepta
1083 3174 1150 3242 sint,
1165 3175 1283 3251 velqne

21 3334 27 3343 ‚
83 3270 144 3328 alia
164 3269 271 3327 ratione
294 3279 500 3346 preceptorum
522 3271 629 3328 limites
650 3269 802 3329 excedunt.
843 3271 894 3328 Sic
914 3270 1038 3330 vendere
1051 3271 1149 3331 omnio
1170 3283 1285 3349 propter

88 3364 251 3431 Christum,
265 3381 355 3437 enque
370 3365 540 3440 pauperibus
562 3366 684 3440 elargiri,
699 3365 839 3423 laudabile
858 3375 912 3432 est,
927 3364 1040 3425 dieente
1061 3366 1195 3425 Christo:
1218 3376 1238 3405 ‘⁸
1251 3367 1284 3429 Si

81 3462 129 3519 ris
151 3459 293 3536 perlectus
315 3459 482 3527 esse-vade,
498 3458 588 3517 vende
611 3477 674 3531 quae
691 3459 790 3524 hebes,
812 3467 842 3516 et
861 3458 899 3515 de
918 3462 1102 3534 pauperibus,
1117 3473 1146 3519 et
1166 3465 1283 3522 hebebis

82 3556 252 3615 thesaurum
274 3555 306 3613 in
320 3555 411 3613 emlo:
433 3554 463 3613 et
484 3555 549 3613 veui
571 3570 691 3627 sequere
711 3551 805 3611 me.”⁷
845 3551 910 3609 Nee
933 3562 1027 3610 tamen
1048 3572 1065 3609 e
1085 3571 1137 3628 spe
1157 3557 1282 3614 eoelestis

82 3651 168 3728 regni
181 3647 298 3718 excidit,
314 3651 363 3724 qui
378 3649 485 3708 divitiis
499 3663 575 3708 recte
589 3651 686 3717 utitur,
701 3658 729 3706 et
742 3646 924 3726 pauperibus,
940 3665 992 3723 pro
1006 3647 1067 3704 suis
1088 3648 1202 3724 opibus,
1217 3653 1282 3708 ‘sub-

80 3736 173 3806 renit.
217 3743 341 3804 Oastitas
356 3747 441 3805 etism
456 3746 576 3824 integra,
592 3755 703 3804 serrato
718 3745 845 3822 virgineo
859 3742 972 3810 decore,
988 3742 1022 3800 ab
1036 3744 1176 3819 Apostolo
1191 3744 1283 3806 Paulo

79 3841 310 3909 commendatur,
324 3862 410 3917 qnam
424 3854 519 3902 tamen
533 3842 652 3902 hierem
666 3842 809 3914 relinquit,
825 3858 912 3914 quum
928 3839 1056 3899 divinum
1071 3841 1145 3899 desit
1158 3861 1283 3922 precep-

120 3960 165 4025 (1)
183 3956 395 4022 Epexcir.m9.
475 3987 478 3993 ·

120 4046 160 4110 (2)
180 4043 253 4094 Matr.
264 4043 315 4094 xix.
326 4045 366 4093 1⁷.

117 4130 166 4195 (³)
185 4128 245 4178 Ibid.
257 4127 361 4178 xxxviii.
371 4129 413 4175 20.

124 4215 164 4280 (s)
182 4212 347 4264 numer.

124 4300 164 4364 (d)
181 4299 234 4348 lec.
245 4299 261 4348 i.
273 4301 315 4346 25.

120 4384 161 4448 (6)
183 4383 268 4433 Rullus
278 4382 306 4432 in
316 4380 403 4432 Herm.
414 4379 501 4446 Apost.
511 4379 569 4429 diss
579 4387 641 4446 port
653 4395 674 4429 e.
685 4377 737 4429 xii‘n
749 4381 764 4438 ς
777 4379 800 4427 5.
812 4376 890 4428 eitons
898 4375 992 4427 Votum
1002 4391 1047 4443 pro
1057 4391 1117 4444 psoe
1135 4380 1167 4431 sd
1178 4382 1231 4434 Art.
1242 4385 1267 4436 4.

120 4472 160 4531 (r)
176 4468 248 4520 Meu
257 4468 310 4518 xix.
326 4469 367 4516 er.
1195 4461 1201 4476 ¹

116 4549 213 4613 'Vom
228 4552 349 4612 lle-32
