2730 5018
446 293 450 298 ’
485 319 543 382 un
566 316 842 380 umuonrnus.
1039 384 1044 390 ,
1223 320 1264 380 rs

55 471 214 549 &beatum
235 477 368 552 quamvis
384 477 545 556 gravissimi
560 488 689 536 auctores
703 475 876 534 contendant
888 493 952 534 eam
967 473 1119 549 aliquando
1134 474 1262 534 exerceri

57 571 196 643 tiemonis
210 592 308 653 opera,
323 561 413 631 rarius
427 573 504 639 lieet,
516 591 570 631 neo
584 573 665 631 facile
677 570 874 630 credendam.¹
908 571 942 630 ln
954 571 1027 629 hano
1038 583 1070 629 ut
1082 583 1260 630 transeamus

62 665 244 738 sententiam,
260 688 325 742 quar
339 669 371 727 in
384 669 532 745 seripturis
548 668 648 727 tradita
662 676 739 735 sunt,
753 676 783 725 et
796 686 859 740 quie
873 667 1043 726 seculorum
1057 666 1146 724 veluti
1157 652 1213 726 neu
1234 676 1264 725 et

59 763 163 843 judicio
177 763 334 833 sunt'trita‚
350 754 466 842 sa'oinnt.
508 763 756 841 In‘magnetiemo
772 761 910 831 animai,
926 780 983 836 quo
998 765 1063 836 quis
1083 780 1183 821 eorum
1198 780 1262 836 quae

64 859 157 937 procul
170 873 240 918 sunt
252 860 386 925 conscius
403 860 466 917 fieri
480 860 593 926 dieitur,
607 859 709 934 spiritu
723 856 791 915 illue
805 857 902 916 nescio
917 876 975 931 quo
995 869 1078 934 paeto
1099 875 1130 915 ee
1146 856 1264 916 transfe-

63 962 146 1016 rente.
160 955 248 1012 etuti
264 954 375 1022 dicitur.
390 954 593 1031 imaginatione
608 963 743 1030 operante
757 961 838 1010 extra
857 953 1006 1029 proprium
1021 971 1138 1030 eorpus,
1154 953 1263 1011 nullam

65 1051 266 1110 demoniaoam
282 1069 399 1126 operam
415 1051 554 1108 interesse
569 1049 759 1126 suspicamur,
773 1047 824 1106 sed
839 1049 886 1107 vel
897 1059 987 1107 artem
1002 1050 1155 1123 quandam,
1170 1051 1216 1107 vel
1230 1049 1263 1108 il·

64 1148 228 1216 lusionem·
242 1149 374 1221 quamvis
388 1149 586 1205 recentissime
602 1148 630 1204 iu
644 1146 698 1204 hao
718 1147 782 1223 ipsa
795 1146 923 1222 regione,
938 1146 1020 1222 plura
1033 1147 1162 1220 miraque
1176 1147 1264 1205 relata

63 1244 124 1310 sint,
139 1245 246 1318 quibus
261 1244 394 1302 homines
409 1244 568 1302 Aoatholici
586 1242 697 1320 judicio
712 1261 812 1319 graves
826 1241 1016 1300 adhibuerunt
1032 1243 1129 1301 fidem.
1170 1243 1263 1301 Oete·
1346 1241 1356 1251 “

60 1358 120 1398 rum
135 1340 350 1416 superstitionis
364 1358 455 1417 genus
470 1339 539 1397 illud
555 1337 630 1396 oertb
646 1338 807 1396 habendum
821 1325 875 1407 est,
891 1338 969 1411 quod
978 1337 1107 1418 fatidici
1120 1339 1262 1415 cujusque

57 1435 115 1496 seta
127 1436 225 1494 velex
240 1447 381 1493 astrorum
395 1435 462 1517 situ,
476 1433 523 1492 rel
543 1434 653 1492 arcanis
674 1433 844 1506 quibusdam
859 1433 953 1492 modis
974 1435 1140 1492 annuntiare
1164 1452 1263 1512 aggre-

54 1531 183 1599 diantur,
198 1540 305 1588 temere
320 1529 435 1604 quidem
451 1541 480 1587 et
493 1528 576 1596 salso,
589 1538 623 1607 *ut
642 1529 807 1604 plurimum,
823 1529 954 1603 quamvis
968 1547 1184 1602 nonnumquam
1204 1528 1262 1590 dae·

55 1629 170 1696 monis,
185 1636 217 1685 ut
227 1628 285 1704 ipsi
298 1628 421 1704 fingunt,
436 1627 605 1684 interventu.
627 1625 792 1685 Dolendum
808 1645 909 1684 vanam
924 1626 1004 1684 illam
1019 1637 1108 1685 artem
1121 1636 1150 1684 et
1163 1645 1262 1704 super·

50 1726 205 1784 stitionem
220 1735 355 1801 patronos
369 1724 497 1783 nancisei
511 1722 649 1799 plurimos
663 1725 694 1783 in
715 1725 832 1783 urbibus
846 1724 918 1802 ipsis
933 1724 1097 1801 precipuis,
1112 1733 1141 1781 et
1155 1725 1262 1802 inipso

51 1820 207 1898 religionis
222 1839 255 1877 eo
268 1820 368 1903 seculi
379 1820 537 1878 clarissima
549 1817 623 1876 luoe.

92 2011 134 2076 (l)
157 2009 266 2060 Consule
277 2009 392 2070 Perrone,
402 2009 484 2060 'l'raet
495 2009 526 2060 de
537 2009 592 2060 Deo
604 2010 719 2061 creatore
730 2026 752 2060 o.
763 2025 786 2060 v.

92 2096 140 2162 (2)
160 2095 273 2158 Plerique
283 2111 352 2145 nuuc
369 2095 482 2160 rejiciunt
493 2096 568 2146 veluti
579 2113 658 2159 nugae
669 2093 826 2158 magnetiemi
842 2091 966 2150 miracula,
977 2098 1002 2141 et
1015 2091 1132 2150 Mesmet,
1143 2093 1261 2144 celebrem

53 2183 113 2246 ejus
123 2188 315 2246 propagnmreru.
326 2189 355 2231 ut
366 2167 648 2233 eireula'toremhebent.
682 2182 734 2232 Alii
745 2187 847 2231 censent
856 2171 1049 2240 megneiiemum
1062 2180 1197 2230 obnoxiam
1207 2195 1261 2230 esee

55 2265 180 2322 herenis
190 2265 290 2316 artibus.
324 2265 388 2317 Vide
399 2265 505 2317 Perenne
516 2267 547 2318 de
558 2267 624 2319 Vere
634 2267 687 2318 Bel
704 2283 727 2317 e.
737 2265 772 2318 iii.
786 2264 912 2317 tentet.
