2744 5024
776 152 794 193 Ι

234 272 289 333 mr
308 271 578 362 anennoeton
599 271 785 373 uarum
805 224 864 335 ἐφ’
884 273 1079 338 normes.
1220 281 1260 340 ar

102 427 189 490 moun
199 430 364 490 senteutiam
374 429 654 498 testantnrRabbini,
666 430 962 511 ett'ateutnrpruditi.¹
983 433 1032 492 Sic
1041 445 1070 493 et
1080 444 1190 493 veteres
1200 454 1260 494 ere·

100 525 193 585 diderom
207 527 372 586 Christiani.
401 527 434 584 S.
446 525 573 585 Basilius
586 528 701 585 scribit:
718 537 738 564 ‘⁶
749 527 835 594 Quod
846 528 968 606 singulis
981 530 1108 590 fidelium
1123 531 1197 590 adsit
1211 552 1259 591 au·

97 621 159 698 gelus,
170 633 197 680 ut
206 622 379 698 paedagogus
390 619 505 693 quidam
515 631 544 679 et
558 633 656 697 pastor
665 621 701 680 ad
712 623 798 682 vitam
807 623 995 700 dirigendam,
1007 644 1065 685 uon
1075 626 1259 694 contradicet,

95 717 127 790 qni
146 718 281 777 verborum
304 716 425 776 Domini
446 715 609 775 recordatur
629 717 750 776 dicentis
773 758 781 775 .
805 758 813 777 .
836 759 844 777 .
867 759 875 776 .
896 719 1000 796 Augeli
1025 737 1124 782 eorum
1145 739 1260 799 semper

93 811 161 873 rident
172 813 273 871 faciem
288 813 382 872 Patris
398 812 467 880 mei,
483 811 533 885 qni
547 812 577 869 in
591 812 673 870 ooelis
686 812 777 870 est.'‘¹
1113 874 1116 881 ,
1318 848 1330 867 .

118 912 168 968 191.
188 908 317 986 Angelos
331 907 465 966 custodes
479 917 656 984 agnoverunt
670 909 742 967 inter
762 909 957 968 Protestautes
972 909 1120 978 Celovins,
1136 911 1261 971 eonar-
1293 880 1339 993 ἶ,

90 1003 131 1073 dus,
143 1004 294 1072 zanobius,
310 1002 445 1071 Vossius,
460 1003 581 1076 alique.³
600 1003 720 1062 iliceos
734 1021 859 1081 preaesse
869 1003 984 1080 populis
997 1005 1113 1081 integris
1125 1007 1262 1074 corrasit,⁴
1311 1002 1316 1012 ’
1333 1000 1343 1021 ’

88 1100 140 1174 quod
152 1111 177 1160 et
193 1100 354 1159 Catholicis
366 1100 495 1177 pluribus
509 1100 604 1159 visum
618 1110 672 1167 est,
684 1101 763 1160 nixis
776 1100 908 1159 Danielis
922 1101 957 1159 de
967 1101 1145 1178 principibus
1159 1102 1261 1160 Perse·

87 1216 127 1256 rou
139 1209 165 1256 et
178 1199 346 1256 Graecorum
360 1186 536 1255 testimonio.
578 1196 723 1255 Caeterum
738 1207 805 1254 sunt
818 1197 868 1272 qui
882 1197 996 1274 Cyrum
1010 1198 1171 1275 principem
1193 1198 1261 1263 Per·

86 1310 158 1350 suum
171 1292 229 1350 illie
242 1292 386 1368 designari
398 1291 589 1349 existiment.³
1057 1366 1059 1370 ι

114 1391 169 1446 192.
192 1387 324 1454 Constat,
339 1406 376 1445 ex
397 1388 556 1445 innumeris
577 1387 732 1464 Scriptura
747 1388 830 1456 loeis,
844 1388 942 1448 Deum
956 1390 997 1448 uti
1017 1389 1194 1467 Angelorum
1208 1389 1262 1448 uri·

85 1481 173 1541 oisterio
188 1483 219 1541 in
231 1483 295 1541 suis
308 1481 468 1558 pandendis
482 1492 511 1539 et
523 1482 700 1554 exequendis
714 1483 861 1541 consiliis:
885 1493 905 1520 ‘⁶
918 1484 997 1543 Ecce
1012 1478 1067 1562 ego
1088 1486 1199 1543 mittam
1213 1503 1262 1543 au·

34 1582 37 1653 ξ
85 1576 155 1656 gelum
169 1596 276 1646 meum,
292 1578 342 1651 qui
355 1577 497 1653 praeoedet
511 1587 548 1645 te,
564 1586 593 1636 et
612 1578 795 1637 custodiaria
817 1579 873 1647 via,
889 1589 918 1637 et
939 1580 1098 1639 introducat
1115 1581 1146 1639 in
1165 1581 1261 1640 locum

34 1666 37 1757 j
85 1690 149 1745 quem
161 1674 268 1750 paravi.
300 1672 428 1738 Observa
442 1691 519 1741 euru,
532 1682 561 1730 et
571 1673 636 1732 andi
649 1692 751 1733 vocem
762 1675 835 1750 ejus,
845 1693 898 1733 neo
910 1675 1151 1735 contemnendum
1164 1685 1260 1751 putes,

34 1762 37 1853 1
86 1770 197 1841 quianon
211 1770 347 1838 dimittet,
360 1789 426 1828 oum
440 1772 614 1846 peccaveris,
629 1780 658 1828 et
673 1779 718 1828 est
731 1789 838 1829 nomen
852 1790 947 1831 meum
963 1772 1101 1831 1ι111Ιο.”ο
1142 1771 1262 1829 Herode

34 1876 38 1917 ·'
86 1867 161 1942 angelo
175 1869 224 1940 qni
238 1867 377 1944 populum
391 1867 580 1926 Israelitioum
593 1867 649 1924 Dei
664 1867 780 1924 nomine
794 1867 919 1943 regebat,
932 1867 1007 1925 dicta
1021 1879 1098 1926 sunt.
1139 1867 1263 1943 Angelo-

34 1972 36 2041 ξ
86 1979 131 2022 run
142 1965 298 2023 ministerio
318 1982 418 2040 preces
433 1964 583 2023 hominnm
599 1964 782 2040 porriguntur
801 1963 884 2022 Deo:
907 1983 972 2022 nam
997 1964 1121 2023 Tobiam
1144 1962 1264 2040 angel!

34 2060 36 2069 '
86 2062 209 2121 certiorem
223 2061 292 2120 iecit
305 2080 336 2119 se
351 2062 505 2129 orationes,
520 2062 593 2120 iuter
606 2061 719 2138 pietatis
731 2079 800 2136 erga
813 2058 962 2120 defunctos
977 2061 1082 2130 officia,
1098 2062 1187 2128 susas,
1199 2060 1265 2119 Deo

86 2152 216 2214 obtulisse:
233 2155 386 2239 “'Quando
398 2157 499 2213 orabas
510 2174 576 2213 oum
585 2156 732 2231 lacrymis,
744 2166 773 2214 et
783 2156 944 2232 sepeliebas
955 2167 1094 2224 mortuos,
1107 2164 1136 2214 et
1144 2154 1265 2213 derelin·
1280 2170 1284 2175 ·

85 2251 169 2318 qnebas
183 2252 333 2328 prandium
349 2261 440 2319 tuum,
456 2262 485 2308 et
499 2261 626 2309 mortuos
641 2251 838 2311 abscondebas
852 2270 904 2328 per
918 2252 995 2312 diem
1016 2253 1046 2311 in
1061 2253 1147 2311 domo
1161 2261 1220 2320 tua,
1235 2262 1264 2309 et

85 2355 148 2404 noae
159 2346 317 2424 sepeliebas
332 2365 393 2413 eos,
409 2365 464 2422 ego
478 2346 569 2405 obtuli
582 2348 741 2406 orationem
762 2356 839 2406 tuam
864 2348 1039 2407 Domino.”⁷
1080 2349 1130 2405 Sic
1145 2348 1263 2424 angelus

85 2452 198 2503 traoreo
217 2444 361 2501 thuribulo
384 2443 545 2511 incensum,
567 2445 708 2503 orationes
729 2445 840 2505 scilieet
862 2457 1037 2514 sanctorum,
1059 2445 1124 2504 Deo
1145 2443 1264 2503 sundere

59 2529 206 2598 Ι1111111111
220 2539 426 2616 Apocalypsi.⁸
466 2540 657 2598 Morientibns
675 2541 763 2615 justia
777 2540 881 2598 adeunt
901 2542 1012 2618 angeli:
1047 2541 1203 2599 “Factum
1220 2552 1266 2598 est

84 2644 157 2715 autem
171 2647 202 2694 ut
216 2646 372 2705 moreretur
387 2636 546 2705 mendicus,
561 2648 589 2694 et
603 2645 760 2713 portaretur
771 2638 806 2695 ab
817 2638 927 2713 augelis
940 2640 970 2695 in
978 2639 1075 2695 sinum
1086 2635 1256 2696 Abrahae.”⁹

113 2737 170 2793 193.
192 2734 239 2792 De
249 2734 325 2792 cultu
338 2733 447 2810 angelis
459 2734 619 2810 praestando
630 2751 759 2809 agemus,
774 2733 890 2805 quando
900 2733 936 2791 de
945 2744 1106 2792 sauctorum
1119 2734 1195 2791 cultu
1207 2729 1267 2791 und

82 2830 205 2904 gendum
216 2831 279 2888 erit.
303 2829 361 2888 Hic
373 2840 480 2888 tantum
492 2830 690 2888 adnotabimus
701 2847 751 2886 eos
763 2828 913 2886 hominnm
925 2830 1063 2901 obsequia
1075 2829 1105 2886 in
1114 2829 1202 2886 veteri
1212 2837 1267 2885 tes·

81 2930 188 2988 tomento
200 2928 394 3004 exegisse,uti
407 2936 483 3004 patet
491 2927 627 3004 exemplo
638 2927 731 3002 angeli
742 2927 791 2999 qui
802 2926 821 2984 J
823 2944 893 2985 osue
903 2927 1037 2994 occurrit3
1047 2928 1078 2983 in
1088 2944 1163 2983 novo
1173 2935 1266 2984 autem

78 3014 186 3101 legimns
201 3026 335 3101 angelum
346 3023 453 3081 Joanni
464 3023 658 3100 Evangelistae
671 3024 762 3081 risum
781 3042 815 3081 ea
827 3023 955 3082 modeste
967 3041 1125 3090 recurasse,
1141 3021 1218 3095 quod
1229 3023 1266 3081 ob

78 3120 432 3197 apostolatns'dignitatem,
447 3130 476 3178 et
489 3120 621 3178 humanu
642 3131 748 3178 nature
769 3121 800 3178 in
815 3119 933 3180 Olrristo
953 3122 1156 3179 exaltationem
1177 3120 1268 3179 conti-

76 3213 141 3289 gisse
155 3216 278 3274 videtur.
320 3214 444 3273 Pulchre
459 3215 617 3291 Gregorius
632 3215 757 3292 Magnus
772 3217 830 3273 ait:
854 3217 986 3293 “Angeli
1001 3236 1074 3290 quos
1095 3216 1175 3293 prius
1189 3216 1267 3275 infir·

77 3325 129 3370 nos
142 3313 327 3390 abjectosque
342 3311 542 3388 despexerant,
553 3312 614 3388 jam
629 3313 725 3370 socios
739 3323 918 3372 venerantur.
950 3313 1029 3373 Hinc
1045 3324 1089 3372 est
1102 3313 1180 3372 enim
1190 3311 1268 3386 quod

76 3404 140 3467 loth
153 3420 184 3468 et
196 3409 288 3468 Josue
308 3409 425 3485 angelos
445 3407 572 3475 adorant,
588 3426 641 3466 uec
662 3417 757 3466 tamen
776 3409 892 3470 adorare
912 3411 1116 3487 prohibentur:
1139 3409 1267 3468 Joanues

78 3504 134 3563 verb
149 3506 187 3565 'in
204 3492 383 3582 Apocalypsi
408 3523 460 3563 sua
480 3503 596 3562 adorare
618 3505 750 3580 angelum
771 3506 860 3566 voluit
871 3526 881 3576 3
906 3506 957 3563 sed
980 3517 1075 3564 tamen
1093 3505 1170 3564 idern
1191 3505 1267 3563 huno

79 3600 185 3676 mgelue
199 3619 237 3658 ne
250 3618 282 3657 se
296 3599 398 3658 debeat
410 3598 526 3659 adorare
540 3598 776 3675 compescuit.”1⁰
816 3600 873 3658 Sed
889 3599 923 3657 de
939 3600 984 3657 his
997 3600 1079 3658 aliis.

238 3773 281 3840 (1)
299 3772 364 3823 Vide
374 3773 545 3823 Rosenmttllsr
555 3773 676 3823 inlocum
687 3774 748 3824 Mat.
759 3775 827 3825 xviii.
842 3778 880 3824 19.

238 3857 280 3923 (2)
299 3854 330 3905 L.
340 3854 376 3907 iii.
388 3863 473 3910 contra
483 3854 662 3918 Eunomium.1;

239 3941 281 4006 (3)
297 3941 362 3991 Vide
373 3939 438 4004 apud
449 3939 545 4003 Ziegler
555 3940 643 3994 Theoi,
654 3941 695 3991 1.1.
706 3940 737 4007 de
748 3939 850 4003 Angelis
863 3944 876 4000 ς
890 3943 930 3990 71.
942 3948 994 3990 not.
1002 3945 1032 3990 ’2.
1115 3993 1122 4011 ‚.

238 4026 281 4090 (4)
299 4024 329 4074 L.
340 4025 357 4076 i.
367 4025 398 4075 de
409 4024 497 4075 Theoi.
509 4033 574 4087 gent.
586 4043 607 4076 o.
620 4030 644 4075 7.
1133 4048 1137 4061 ι

239 4110 281 4175 (5)
299 4109 364 4159 Vide
376 4109 481 4159 Oelmet.
491 4108 520 4158 iu
530 4109 594 4163 Dan,
606 4126 664 4162 ω.
672 4127 696 4159 v.
710 4112 749 4159 12.
761 4111 803 4161 13..

238 4195 281 4261 (d)
300 4195 381 4247 lixod
392 4194 461 4245 xxiii.
474 4197 516 4244 20.
590 4198 593 4203 ’

239 4281 281 4346 (7)
300 4280 384 4333 Tobiae
395 4280 439 4330 xii
454 4283 493 4330 12.

240 4366 282 4431 (8)
301 4365 379 4430 Apoe
389 4365 440 4415 rii'o
448 4367 473 4413 9.

241 4450 284 4516 (9)
302 4448 365 4500 Luc.
375 4448 425 4501 xvi
437 4451 478 4511 22.

241 4533 301 4602 (Ῑθ)
321 4533 398 4585 Homo
409 4537 433 4583 Β·
443 4531 470 4585 in
481 4531 530 4582 Er.
