2744 5024
40 314 56 343 α
133 250 193 306 aar
223 202 228 213 ’
470 247 528 308 ns
546 248 754 309 rnsnrsrn:
770 248 1010 310 antssroxs.

129 416 215 476 atque
227 403 361 463 inviolata
372 416 525 472 serrmet,
539 407 643 482 adjecit
655 406 776 465 etdixit.
819 407 959 465 Charitas
972 407 1177 484 augurina
1194 415 1248 474 est,
1259 405 1328 465 rho·
1360 406 1362 413 '

131 500 208 558 ritas
218 500 350 580 benignu
361 510 414 569 est,
426 503 558 561 charitas
566 522 628 561 non
641 503 731 563 zetas.
729 503 766 539 ”¹

171 601 240 656 822.
263 600 295 658 S.
311 603 556 658 atatmsrw
557 602 650 658 Sine
663 601 798 658 charitate
811 600 1327 678 anppcfidespotutqurdemene,

128 694 180 753 sed
194 714 253 754 non
266 708 295 753 et
306 697 453 774 prodesse
455 696 489 731 ”'

169 790 241 849 828
261 791 383 849 Accedit
408 794 479 850 ratio
500 792 671 869 theologica,
691 809 729 849 ex
748 792 814 868 ipsa
840 790 907 848 fidei
927 804 1027 849 natura
1051 791 1218 867 desumpta,
1239 809 1326 863 quum

127 885 205 942 onim
237 887 276 943 sit
295 888 398 945 mentis
419 905 555 945 mscusns
583 889 619 945 iis
648 906 712 959 qnae
740 886 877 943 revelarit
896 886 987 953 Deus,
1007 887 1101 959 liquet
1118 904 1189 943 enm
1211 900 1326 943 ute

127 992 227 1057 posset
238 983 322 1040 etiarn
335 995 486 1059 postquam
502 985 567 1057 qnis
575 983 776 1060 cupiditatibus
789 982 894 1040 cedens
907 982 1037 1040 divinam
1050 982 1204 1040 violaverat
1211 981 1326 1059 ὴιι

128 1074 167 1133 ita
180 1087 212 1135 ut
225 1077 253 1135 in
268 1077 385 1136 homine
400 1079 554 1138 christiano
568 1079 664 1138 Poetae
675 1079 761 1136 rerba
768 1077 863 1136 locum
875 1079 1009 1136 habeant:

484 1192 578 1250 Video
592 1193 719 1258 meliora,
734 1192 892 1269 proboque,

442 1288 592 1346 Deteriora
606 1307 723 1360 sequor.

520 1462 721 1503 OBJEOEONES
740 1463 927 1504 numm.

164 1612 233 1664 324.
260 1605 326 1685 Ohj.
347 1612 372 1664 l.
396 1608 553 1684 Apostolus
567 1607 754 1684 hypothesim
769 1607 976 1683 impossibilem
990 1607 1067 1675 iacit,
1082 1607 1153 1666 dnm
1163 1608 1252 1666 fidem
1262 1609 1328 1666 abe

125 1722 181 1777 qne
196 1703 332 1761 charitate
347 1705 444 1762 haberi
456 1724 542 1782 posse
557 1706 661 1762 innuit:
676 1706 718 1762 sic
732 1705 801 1762 alias
815 1703 903 1761 dicit:
925 1714 946 1740 ‘⁴
956 1704 1040 1761 Licet
1056 1724 1122 1772 nos,
1136 1718 1186 1763 aut
1205 1707 1324 1782 angelus

124 1799 160 1857 de
174 1799 247 1858 coelo
257 1801 497 1877 evangelizaverit
508 1814 694 1878 praeterquam
705 1800 782 1873 quod
795 1801 1056 1876 evangelizavimus
1067 1801 1161 1866 robis,
1173 1802 1324 1857 anathema

123 1895 210 1953 sit.'’⁸
249 1897 313 1955 Nec
339 1909 433 1955 tamen
457 1897 523 1955 inde
543 1895 770 1954 concludendum
790 1896 932 1954 celestem
954 1896 1085 1953 nuntium
1107 1915 1194 1973 posse
1222 1896 1324 1954 falsam

123 1990 279 2050 doctrinam
296 1993 414 2051 tradere.

162 2090 231 2144 325.
253 2086 342 2164 Resp.
365 2088 412 2145 Ex
424 2088 559 2145 orationis
571 2096 705 2146 contextu
720 2087 788 2144 satis
802 2087 944 2163 colligitur
958 2086 1129 2162 Apostolum
1141 2085 1217 2143 dere
1231 2088 1325 2162 possi·

122 2181 172 2240 bili
186 2183 275 2256 loqui,
291 2186 387 2260 plures
401 2186 479 2243 enirn
499 2187 628 2260 congerit
639 2184 816 2260 hypotheses
831 2202 895 2256 qnae
908 2184 979 2240 nihil
993 2183 1109 2241 absurdi
1124 2185 1322 2258 praeseferunt.

122 2275 312 2354 Hyperbolen
328 2280 444 2352 quidem
458 2281 487 2338 in
509 2280 545 2336 iis
559 2276 626 2354 qnd's'
633 2278 670 2338 do
684 2280 790 2356 linguis
811 2279 975 2356 angelornm
989 2278 1070 2346 dicit,
1084 2279 1181 2336 videre
1201 2291 1257 2346 est,
1271 2279 1325 2336 sed

120 2371 229 2432 Judoeis
244 2375 395 2433 admodum
418 2375 595 2434 familiarem.
638 2376 783 2433 Ceterum
805 2395 948 2433 summam
973 2376 1147 2442 facundiam,
1169 2377 1323 2452 mysterio·

121 2488 182 2527 rum
197 2469 330 2527 eximiam
347 2471 552 2548 cognitionem,
567 2471 816 2547 eleemosynarum
830 2474 979 2548 copiosam
987 2473 1177 2548 largitionem,
1191 2482 1221 2528 et
1234 2475 1322 2529 etiam

120 2580 236 2643 propter
250 2565 334 2624 fidem
360 2568 511 2644 supplicia,
526 2569 634 2640 absque
648 2568 782 2625 charitate
797 2587 861 2625 esse
883 2587 969 2643 posse
990 2568 1116 2625 insinuat
1142 2569 1299 2644 Apostolus
1312 2589 1323 2633 ;

122 2680 174 2718 nec
189 2672 232 2718 est
245 2681 296 2718 cur
310 2682 342 2718 ea
357 2664 454 2719 ornnia
468 2662 503 2718 atl
519 2663 712 2739 impossibiles
728 2663 906 2737 hypotheses
921 2662 1088 2719 referamus.
1131 2663 1176 2719 De
1192 2662 1249 2718 fide
1265 2682 1323 2734 qua

120 2756 254 2813 miracula
269 2770 412 2833 patrentur
438 2758 512 2815 idem
528 2758 691 2815 dicendum.
742 2759 825 2814 Hanc
840 2776 935 2814 veram
958 2776 1022 2814 esse
1047 2758 1138 2828 liquet
1151 2777 1188 2815 ex
1209 2757 1321 2814 Christi

120 2853 223 2917 verbis,
239 2855 341 2923 quibus
362 2853 426 2909 fidei
444 2872 548 2911 nomen
563 2854 589 2909 ei
606 2854 751 2910 tribuitur:
776 2863 794 2887 “
805 2853 896 2911 Arnen
913 2854 1019 2927 quippe
1035 2851 1100 2909 dico
1115 2853 1206 2919 vobis,
1221 2854 1249 2908 si
1271 2853 1321 2909 ha-

119 2948 235 3006 bueritis
251 2949 336 3006 fidem
353 2950 426 3007 sicut
437 2969 555 3026 granum
572 2951 691 3025 sinapis,
705 2949 804 3006 dicetis
821 2951 909 3007 rnonti
920 2950 1004 3006 huic:
1036 2949 1141 3006 Transi
1152 2950 1219 3006 hinc
1230 2950 1297 3007 illuc
1311 2971 1319 3016 ;

119 3061 147 3102 et
161 3047 297 3111 transibit,
314 3056 342 3102 et
356 3046 426 3102 nihil
441 3047 618 3121 impossibile
641 3048 694 3102 erit
714 3045 842 3103 vobis.”⁴
883 3045 929 3102 Ad
949 3047 1043 3103 locum
1073 3047 1217 3122 objectum
1240 3047 1320 3119 quod

119 3142 226 3206 attinet,
249 3142 435 3216 impossibilis
464 3143 635 3218 hypothesis
663 3143 701 3198 ihi
724 3141 904 3217 agnoscenda
926 3142 988 3207 erit,
1011 3142 1035 3197 si
1065 3141 1099 3199 de
1126 3160 1194 3199 vero
1215 3143 1319 3218 angelo

117 3238 224 3294 cmlcsti
241 3239 431 3311 intelligatur;
454 3249 482 3293 et
493 3258 525 3294 ea
540 3257 609 3293 usus
625 3237 784 3294 censendus
799 3239 853 3294 erit
868 3239 1024 3314 Apostolus
1039 3251 1069 3294 ut
1083 3239 1182 3295 fideles
1197 3239 1232 3295 de
1246 3241 1320 3298 veri-

117 3343 170 3389 tate
183 3333 323 3407 Erangcli
339 3333 442 3390 laceret
466 3334 611 3400 certiores,
627 3353 713 3405 quam
735 3336 846 3392 seilicet
867 3337 1021 3410 nequidem
1040 3338 1166 3395 coelestis
1188 3341 1317 3407 nuntius,

116 3426 173 3486 ullo
188 3429 216 3484 in
233 3445 325 3487 rernm
341 3439 457 3496 eventu,
471 3439 578 3486 mutare
594 3441 701 3506 posset.
759 3429 906 3489 Coeterum
928 3444 1022 3506 potest
1050 3434 1187 3508 explicari
1204 3432 1239 3489 de
1262 3433 1318 3490 dae-

115 3545 201 3585 mone
222 3544 253 3583 se
269 3527 400 3602 angelum
424 3526 494 3584 lucis
510 3528 679 3587 simulante:
704 3530 796 3603 “ipse
818 3531 894 3586 enirn
916 3529 1060 3598 satanas,'’
1083 3538 1202 3588 testante
1224 3533 1319 3607 Apos-

115 3624 183 3691 tolo,
200 3634 219 3660 “
231 3624 408 3699 transfigurat
423 3642 453 3679 se
469 3624 497 3680 in
516 3626 647 3700 angelum
663 3624 783 3689 lucis.”⁵

154 3725 223 3778 826.
249 3719 315 3797 Ohj.
333 3725 361 3777 2.
387 3720 541 3793 Apostolus
564 3740 599 3778 eo
612 3720 671 3780 loci
690 3719 724 3776 de
739 3719 794 3777 fide
806 3721 980 3796 justificante
1002 3740 1060 3782 nou
1074 3721 1199 3791 disserit,
1215 3723 1267 3782 sed
1281 3723 1318 3781 de

113 3813 170 3870 fido
191 3813 405 3870 miraculorum.

153 3888 222 3967 32⁹7.
246 3909 335 3986 Resp.
358 3910 497 3981 Loquitur
511 3910 666 3987 Apostolus
682 3910 716 3966 de
739 3909 793 3967 fide
809 3912 924 3975 eximia.
941 3914 1022 3988 cnjus
1038 3930 1235 3990 argumentum
1264 3917 1319 3974 rni-

113 4007 206 4065 racula
221 4008 359 4082 praebent.
413 4007 457 4063 lle
473 4026 537 4064 vera
553 4008 619 4074 fide,
636 4027 698 4079 quae
714 4007 897 4082 adjustitiam
912 4012 1070 4067 necessaria
1081 4026 1134 4079 est,
1148 4032 1214 4070 eum
1229 4032 1313 4090 agere

112 4102 202 4174 liquet
212 4120 247 4158 cx
263 4121 297 4158 eo
312 4101 398 4173 quod,
415 4113 469 4158 tres
487 4104 601 4159 virtutes
614 4121 777 4169 recensens,
792 4121 854 4159 eam
866 4122 930 4162 curn
943 4124 994 4180 spe
1007 4117 1035 4163 et
1046 4108 1181 4166 charitate
1194 4112 1313 4185 conjun-

27 4190 34 4207 '
112 4212 169 4272 gat,
186 4198 293 4273 primas
308 4196 374 4254 huic
390 4197 515 4254 tribuens
531 4213 643 4273 partes:
668 4207 687 4234 ‘¹
699 4198 785 4255 Nunc
800 4213 892 4256 autern
910 4212 1024 4258 manent
1036 4203 1117 4270 fides,
1134 4205 1323 4280 spes,chari·.

178 4369 220 4433 (1)
240 4367 313 4418 Liber
324 4368 353 4418 de
365 4369 416 4421 selo
425 4377 449 4418 et
460 4369 541 4419 livore.
718 4370 759 4435 (2)
780 4368 833 4419 Lib.
845 4387 884 4420 xv.
897 4373 926 4421 de
938 4373 1065 4434 Tsinitate,
1076 4393 1097 4425 c.
1110 4379 1177 4431 xviii.

179 4452 358 4517 mmm.
715 4456 955 4524 &mmm

178 4535 217 4605 (ὁ)
236 4534 269 4592 11·
282 4535 341 4589 cor.
354 4538 387 4589 xi.
397 4539 439 4591 tt.

87 4614 263 4704 A
