2730 5018
79 239 141 294 ara
248 306 259 327 ὗ
361 229 448 325 on
471 228 642 290 esame
658 218 975 318 ‚mensurare

119 391 169 446 36.
194 384 260 463 obj.
271 389 306 471 ι6.
330 385 436 444 Gratias
451 404 505 444 vor
521 397 610 460 Χομς,
625 404 683 444 non
704 385 820 443 denotat
839 385 957 443 interius
972 383 1077 443 mentis
1098 384 1201 442 lumen
1214 400 1282 442 cum

80 483 232 542 voluntatis
246 492 336 549 motu,
350 482 400 541 sed
424 482 594 540 beneficium
617 480 830 554 quodcumque.
870 480 1061 556 Evangelium
1083 481 1174 557 igitur
1193 479 1282 555 made

80 579 136 638 Dei
149 579 261 646 dicitur,
277 579 344 651 quia
357 577 482 655 speciale
496 589 541 639 est
555 577 611 634 Dei
625 577 731 634 donum
747 577 776 634 in
791 577 940 635 hominum
961 577 1122 635 utilitatem.
1164 575 1281 639 Dicitur

79 674 169 750 gratia
182 662 302 741 Christi,
317 674 385 745 quia
397 673 460 750 ejus
474 690 561 747 opera
576 672 784 747 promulgatum
797 682 852 739 est,
867 689 933 729 cum
947 671 1028 728 uberi
1042 671 1163 729 ιἰιιοιιι.1

119 772 167 827 at.
189 769 279 846 Reap.
300 767 411 835 Fauor,
428 766 549 833 donum,
564 764 736 843 beneficium
749 767 845 842 gratie
860 765 976 824 nomine
990 766 1170 843 intelligitur,
1186 763 1280 824 sedin

26 890 33 897 ’
79 882 155 923 noro
169 864 356 922 Testamenta
370 861 441 920 illud
456 862 612 938 presertim
633 861 749 928 donum,
769 880 827 934 quo
848 863 943 919 anima
961 860 1096 919 divinitus
1112 861 1279 927 illustratur,

79 967 108 1016 et
121 957 155 1016 ad
170 958 280 1015 virtutis
295 977 381 1034 opera
393 957 559 1033 impellitur,
575 957 632 1014 imo
647 956 711 1015 Deo
725 956 757 1013 fit
766 974 830 1012 cara
844 965 873 1012 et
887 955 998 1014 dilecta.
1020 956 1092 1023 Quae
1106 955 1278 1014 adduximus

80 1053 242 1110 testimonia
256 1053 376 1129 probant
389 1051 484 1132 Deum
500 1052 575 1109 intus
588 1052 699 1119 docere,
714 1061 743 1108 et
763 1050 936 1109 voluntatem
958 1069 1091 1109 morere:
1111 1045 1179 1126 ¹ipse
1201 1050 1279 1109 enim

80 1157 212 1223 operatur
225 1148 255 1204 in
270 1149 353 1205 nobis
366 1157 396 1205 et
415 1147 486 1204 velle
500 1157 530 1203 et
553 1147 699 1223 perlicere.
742 1147 927 1204 abundantes
950 1146 1046 1222 gratie
1069 1145 1176 1203 divitie
1192 1146 1223 1203 in
1243 1164 1276 1205 eo

79 1241 276 1308 ostenduntur,
298 1241 374 1314 quod
397 1242 485 1317 gratia
504 1242 648 1299 salvemur
670 1260 721 1317 per
741 1239 840 1307 fidem,
855 1259 912 1298 non
934 1258 972 1298 ex
991 1241 1139 1317 operibus,
1154 1259 1192 1298 ne
1214 1241 1278 1312 quis

79 1338 224 1413 glorietur.
267 1337 357 1412 igitur
371 1335 448 1408 qnod
462 1336 497 1393 de
508 1336 604 1413 gratie
618 1336 827 1412 significatione
841 1336 983 1412 objicitur,
997 1354 1055 1395 non
1069 1337 1173 1404 obstat,
1190 1355 1281 1408 quum

79 1432 204 1490 savorem
219 1442 248 1489 et
261 1432 430 1489 beneficium
446 1431 476 1488 in
490 1450 565 1489 novo
579 1432 769 1489 Testamento
781 1431 904 1497 denotet,
915 1430 991 1503 qnod
1006 1448 1043 1489 ex
1057 1432 1155 1489 divina
1169 1430 1291 1489 miseri-

79 1526 186 1594 cordia,
202 1527 312 1585 Christi
326 1545 421 1592 causa,
436 1527 519 1584 nobis
533 1525 706 1590 conceditur,
719 1537 750 1583 ut
763 1524 912 1602 adjuretur
925 1522 1074 1583 infirmitas
1089 1536 1199 1584 nostra.

119 1625 168 1680 ³5.
187 1619 254 1700 obj.
270 1625 299 1679 6.
316 1621 407 1678 ΝιιΙΙο
421 1620 477 1677 alio
487 1620 595 1677 lumine
604 1638 677 1695 opus
688 1630 732 1676 est
747 1620 948 1696 preterlucem
961 1639 1056 1678 veram
1068 1620 1289 1687 illuminantem

80 1734 195 1776 omnem
207 1716 375 1779 homiuem:
398 1715 459 1772 brec
471 1727 564 1771 antem
579 1715 649 1771 ratio
663 1723 708 1771 est
721 1715 809 1772 menti
822 1732 986 1788 coruscans.

119 1814 168 1868 36.
189 1809 278 1886 Reap.
301 1809 334 1865 S.
348 1808 477 1866 ioannes
491 1826 544 1865 nos
559 1806 642 1865 docet
657 1807 785 1865 Verbum
806 1826 871 1866 esse
893 1809 985 1884 ipsam
1002 1827 1097 1866 reram
1112 1808 1209 1865 luceru
1224 1826 1284 1880 qna

79 1905 173 1963 omnis
188 1903 342 1960 illustratur
356 1901 453 1967 horno,
468 1910 500 1957 ut
512 1900 607 1958 Deum
622 1920 687 1958 eum
709 1919 906 1977 agnoscamur.
949 1902 1093 1958 Caeterum
1116 1901 1277 1977 indigemus

79 2009 111 2055 ut
124 1997 206 2055 novis
221 1996 267 2051 sui
287 1995 406 2070 fulgoris
429 1994 514 2052 radiis
537 1995 624 2051 menti
645 2004 784 2060 coruscet,
800 1995 834 2052 ad
859 1996 1002 2053 caelestem
1022 1996 1175 2053 scientiam
1197 1997 1275 2057 uobis

79 2088 315 2167 impertiendam:
339 2087 404 2144 ideo
429 2106 528 2164 preces
553 2088 736 2145 enixissimas
762 2088 917 2164 apostolus
943 2090 1049 2147 Paulus
1070 2108 1124 2166 pro
1146 2088 1273 2151 fidelibus

79 2185 161 2251 t'udit,
176 2196 207 2242 ut
231 2183 333 2259 majori
347 2184 377 2240 iu
391 2182 453 2239 dies
477 2184 586 2241 lumine
608 2183 830 2241 illustrarentur:
853 2193 941 2242 “nou
961 2203 1109 2244 cessamus
1131 2204 1185 2262 pro
1200 2186 1271 2247 vobis

79 2291 202 2347 orantes,
216 2290 245 2338 et
269 2278 442 2354 postulantes
465 2290 496 2336 ut
520 2276 696 2354 impleamini
717 2280 862 2356 agnitione
884 2281 1034 2338 voluntatis
1055 2282 1130 2357 ejus,
1145 2285 1178 2338 in
1200 2287 1272 2342 omni

78 2376 219 2451 sapientia
232 2385 261 2431 et
275 2374 418 2432 intellectu
427 2374 559 2448 spiritali:
573 2385 603 2430 ut
612 2375 762 2432 ambuletis
773 2374 858 2452 digne
872 2375 936 2433 Deo
948 2377 1107 2452 peremnia
1120 2377 1274 2453 placentes:

78 2472 107 2528 in
122 2470 208 2527 omui'
225 2486 311 2544 opere
336 2469 421 2533 bono,
432 2467 644 2536 fructificantes,
659 2478 688 2527 et
701 2479 861 2526 crescentes
876 2471 1038 2529 inscientia
1055 2471 1129 2528 Dei:
1153 2472 1185 2529 in
1200 2478 1275 2532 omui

78 2565 179 2621 virtute
194 2564 342 2621 confortati
356 2561 514 2620 secundum
530 2565 683 2639 potentiam
699 2564 831 2622 claritatis
844 2567 956 2640 ejus.'’¹
975 2565 1018 2624 Ita
1032 2566 1067 2623 ad
1082 2566 1276 2626 colossenses

60 2659 210 2734 scripsit:
233 2658 266 2714 ad
293 2657 439 2733 Ephesios
463 2658 585 2731 pariter:
616 2668 636 2694 “
647 2668 678 2716 ut
700 2658 791 2726 Deus,
813 2659 932 2718 Domini
957 2663 1045 2719 nostri
1066 2662 1139 2719 Jesu
1168 2662 1279 2721 Christi

80 2754 164 2811 Pater
178 2751 285 2828 glorie,
297 2750 345 2808 det
356 2752 436 2808 vobis
448 2752 579 2826 spiritum
594 2738 740 2829 sapientie
752 2763 781 2810 et
791 2756 982 2822 revelationis,
995 2755 1025 2814 iu
1038 2758 1184 2832 agnitione
1197 2759 1277 2833 ejus:

80 2848 253 2905 illuminatos
268 2848 366 2903 oculos
388 2845 481 2903 cordis
497 2847 630 2904 vestri.”³
671 2847 715 2905 Ad
731 2848 914 2906 Corinthios:
941 2860 961 2886 ‘⁶
971 2850 1052 2907 Deus
1074 2853 1124 2922 qui
1145 2852 1221 2909 dixit
1243 2853 1281 2910 de

79 2943 202 3004 tenebris
218 2941 315 2998 lumen
336 2940 529 3015 splendrcere,
545 2942 607 3016 ipse
630 2942 723 2999 illuxit
743 2945 773 3000 in
793 2945 924 3000 cordibus
945 2946 1062 3012 nostris,
1077 2945 1112 3002 ad
1137 2947 1281 3004 illumina·

80 3038 188 3093 tionem
203 3036 329 3090 scientie
344 3035 477 3090 claritatis
492 3035 558 3100 Dei,
575 3037 603 3090 in
618 3037 689 3091 sacie
706 3036 814 3091 Christi
828 3037 949 3093 Jesu.”⁴

119 3135 168 3188 ³7.
195 3129 262 3205 obj.
277 3135 306 3187 7.
330 3129 397 3185 Nisi
412 3146 501 3202 penes
515 3128 688 3186 intellectum
704 3131 742 3186 sit
750 3132 881 3187 assentiri
896 3132 1066 3208 Evangelio,
1079 3144 1108 3190 et
1121 3153 1216 3210 penes
1231 3155 1281 3195 ro-

78 3228 214 3284 luntatcm
229 3224 298 3281 illud
312 3224 426 3294 exequi,
442 3224 539 3279 irrisor
554 3225 632 3280 Deus
647 3225 807 3291 exhibetur,
826 3228 876 3296 qui
891 3239 974 3284 vocat
993 3228 1125 3285 homines
1141 3231 1177 3287 ad
1193 3233 1280 3290 virtu·

78 3320 115 3375 tis
128 3319 270 3382 semitam,
286 3317 348 3390 ipse
361 3334 460 3372 eorum
475 3315 626 3372 voluntatis
642 3326 741 3374 tenens
756 3318 891 3386 habenas,
907 3321 977 3378 adeo
992 3332 1023 3378 ut
1036 3322 1118 3390 nibil,
1135 3325 1192 3381 nisi
1208 3327 1274 3401 ipso

78 3424 221 3478 movente,
237 3411 358 3486 possint.

117 3511 166 3564 68.
188 3505 276 3583 Reep.
299 3505 367 3563 Non
391 3503 488 3563 irridet
508 3505 589 3562 Deus
614 3505 756 3574 homines,
777 3508 828 3564 sed
851 3527 932 3566 suam
958 3511 1097 3570 infinitam
1120 3514 1279 3574 bonitatem

78 3614 202 3669 exercet,
217 3620 267 3658 eos
282 3599 316 3657 ad
330 3600 416 3657 fidem
431 3609 460 3656 et
472 3601 591 3658 salutem
614 3621 777 3677 praeconum
801 3622 889 3679 opera
908 3606 1047 3673 vocando,
1066 3627 1175 3682 eosque
1198 3611 1277 3668 intus

77 3697 213 3756 trahendo
228 3707 259 3753 ut
273 3695 383 3772 possint
397 3695 503 3762 venire,
518 3696 588 3767 quin
602 3705 685 3771 cogat
699 3698 882 3756 voluntatem.
924 3699 1035 3757 Earum
1051 3702 1136 3777 igitur
1149 3715 1280 3761 servatur

76 3789 202 3857 libertas,
217 3809 274 3862 qua
287 3790 311 3846 si
324 3790 397 3846 bene
410 3798 534 3858 nentur,
548 3791 643 3865 gratiae
658 3791 781 3848 motibus
794 3792 1026 3869 obtemperando,
1043 3806 1176 3870 poterunt
1190 3796 1279 3854 ardua

78 3901 197 3958 quaeque
221 3884 330 3942 virtutis
355 3902 441 3962 opera
465 3884 590 3962 aggredi,
605 3895 634 3944 et
656 3887 802 3962 perficere.
845 3886 930 3952 Quod
954 3900 1047 3948 autem
1069 3890 1141 3948 nihil
1164 3891 1278 3950 valeant

342 4130 379 4187 (l)
398 4126 527 4176 Unitarian
538 4127 693 4192 Miscellany,
701 4128 748 4179 rol.
760 4126 793 4177 iii.
805 4142 831 4193 p.
843 4129 900 4177 tac.

344 4212 382 4270 (a)
400 4200 496 4259 coroa
507 4210 524 4260 i.
535 4213 560 4259 o.

340 4296 378 4354 (3)
396 4293 461 4358 Eph
473 4293 490 4342 i.
503 4297 544 4344 17.

340 4380 378 4439 tt)
396 4379 428 4429 11.
439 4377 497 4429 Gor.
508 4379 541 4431 ir.
552 4381 577 4428 6.
