2730 5018
359 284 417 345 nu
438 285 591 344 nereus
611 284 658 344 ιιι
680 283 766 342 nso
788 272 1003 345 ressonis.
1147 256 1153 263 ’
1215 285 1274 342 rsa

95 438 273 501 animadvertit
287 442 319 500 S.
343 441 525 518 Fulgentius,
544 441 575 498 in
597 458 735 498 canonem
759 439 925 497 Africanum
945 437 1093 495 scribens:
1116 445 1137 474 “
1149 437 1217 497 dum
1238 437 1275 496 ad

94 536 165 594 solius
188 535 284 593 Patris
296 554 449 613 personam
464 554 558 593 sermo
573 535 714 611 dirigitur,
728 536 801 591 bene
817 533 957 591 credentis
979 531 1035 590 tide
1056 540 1114 590 tota
1138 530 1274 590 Trinitas

92 630 246 687 honoratur:
268 637 298 685 et
311 648 401 701 quum
415 629 449 687 ad
464 630 577 686 Patrem
591 629 697 686 litantis
712 628 867 686 destinatur
882 626 1013 695 intentio,
1026 627 1160 686 sacrificii
1169 646 1274 686 munus

91 723 158 783 omni
185 721 333 782 trinitati·
356 742 416 782 uno
437 723 596 796 eodemque
621 723 739 781 offertur
758 724 866 781 litantis
890 723 1032 782 officio.”²
1071 723 1120 782 Ex
1140 730 1275 781 contextu

90 816 190 893 quidem
205 820 324 877 canonis
338 828 416 896 patet
428 820 551 877 concilio
572 819 752 894 propositum
767 837 833 876 esse
854 837 1024 896 precavere,
1039 838 1076 878 ne
1096 818 1275 896 singulorum

91 914 191 974 arbitrio
215 933 316 991 preces
337 916 481 973 solemnes
505 914 645 972 Ecclesia
668 915 894 982 immutarentur,
915 916 960 973 vel
975 934 1056 974 novae
1076 915 1278 974 inducerentur

90 1010 224 1078 lurmulae;
240 1013 397 1069 moxenim
415 1010 578 1087 precedunt
591 1010 652 1067 huc
666 1012 769 1068 verba:
793 1020 812 1046 ‘⁴
824 1011 865 1067 Ut
877 1029 963 1069 nemo
977 1013 1007 1069 in
1021 1013 1154 1087 precibus
1165 1011 1212 1068 vel
1221 1011 1276 1069 Pa·

91 1120 150 1165 trem
164 1126 214 1183 pro
226 1107 313 1175 Filio,
329 1109 374 1166 rel
388 1108 495 1165 Filium
510 1125 562 1183 pro
576 1107 660 1164 Patre
674 1105 849 1165 nominet.’'¹
888 1107 923 1165 In
938 1106 1091 1184 doxologia
1104 1106 1198 1165 honor
1211 1107 1274 1183 eJus

91 1207 148 1263 item
162 1212 287 1261 servatus
301 1211 356 1272 est,
370 1213 399 1262 et
413 1204 502 1280 gloria
516 1203 558 1261 illi
571 1203 674 1260 tributa
688 1221 739 1279 per
753 1203 870 1270 Filium,
883 1211 981 1279 utpote
1002 1203 1158 1262 secundam
1178 1220 1276 1279 perso-

93 1318 157 1366 nrm,
165 1310 199 1356 et
211 1299 398 1358 mediatorem
412 1300 469 1358 Dei
482 1309 512 1357 et
524 1299 685 1356 hominum.
727 1299 760 1356 ln
776 1299 885 1375 Spiritu
907 1299 1013 1358 Sancto
1033 1298 1123 1376 gloria
1136 1298 1201 1358 data
1221 1309 1275 1366 est,

93 1397 149 1469 quia
161 1396 244 1454 Pater
258 1407 288 1454 et
302 1397 394 1454 Filius
408 1397 438 1455 in
452 1397 502 1454 illo
516 1397 736 1472 conjunguntur,
751 1396 851 1455 intima
861 1395 1024 1464 dilectione,
1039 1404 1067 1453 et
1080 1403 1198 1464 nature,
1210 1414 1274 1468 quae

94 1494 224 1551 trihusest
248 1494 422 1561 communis,
437 1494 554 1550 unitate.
596 1492 741 1551 Ceterum
763 1493 883 1551 formula
908 1494 957 1551 illa
979 1495 1128 1551 varietates
1150 1490 1275 1560 admisit,

93 1604 144 1660 qne
155 1596 251 1644 nmen
264 1586 341 1644 idem
356 1590 514 1646 sonabant:
536 1606 737 1659 nonnusquam
752 1589 829 1646 enirn
845 1588 1009 1647 dicebatur:
1032 1589 1167 1648 “Gloria
1186 1572 1275 1656 iatri,

93 1692 115 1738 et
125 1681 204 1748 Filio,
219 1700 286 1739 curn
301 1682 409 1759 Spiritu
425 1683 531 1739 Sancto
545 1681 575 1738 :”
591 1662 678 1754 qnam
700 1691 720 1718 ‘⁶
731 1683 849 1739 sormam
865 1703 897 1740 ac
912 1683 1037 1759 regulam
1053 1703 1070 1740 a
1089 1683 1276 1760 presbyteris,

94 1777 204 1849 quiante
218 1776 316 1852 ipsum
336 1777 478 1844 vixerunt,
493 1777 660 1852 acceptam'’
682 1778 744 1853 ipse
767 1777 896 1835 adhibuit
921 1778 1082 1856 Dionysius
1106 1774 1277 1836 Alexandri·

93 1875 156 1929 nus.8
188 1872 276 1929 illias
297 1872 459 1931 dicebatur:
480 1873 612 1931 “Gloria
632 1873 720 1941 Patri,
733 1882 761 1930 et
775 1874 860 1940 Filio,
870 1882 904 1950 ¹et
915 1873 1035 1950 Spiritui
1058 1872 1205 1940 Sancto;”
1227 1873 1276 1945 qui

91 1984 145 2025 naus
161 1967 225 2043 jam
241 1967 374 2026 invaluit..

119 2066 185 2120 121.
210 2061 280 2141 obj.
295 2069 325 2123 7.
346 2064 452 2122 “Tam
468 2063 682 2141 impenetrabile
697 2083 730 2121 ac
751 2064 988 2140 imperceptibile,
1003 2064 1062 2122 imo
1082 2064 1185 2123 rationi
1198 2065 1278 2124 omni

87 2159 249 2217 contrarium
264 2160 433 2236 mysterium
456 2201 464 2218 .
487 2201 496 2218 .
519 2201 527 2218 .
549 2161 649 2218 meritd
665 2161 781 2218 deberet
794 2169 852 2218 tam
867 2161 941 2219 clare
955 2171 983 2218 et
994 2179 1131 2236 expresse
1144 2160 1176 2218 in
1189 2160 1278 2218 sacris

86 2255 162 2312 literis
179 2255 332 2324 contineri,
347 2265 378 2313 ut
391 2255 426 2313 ad
441 2255 469 2312 id
484 2255 661 2314 efferendum
676 2266 705 2313 et
720 2255 920 2314 declarandum
934 2256 1020 2314 nullis
1035 2255 1098 2314 aliia
1112 2255 1231 2313 vocibus
1245 2273 1278 2312 ac

83 2350 241 2426 phrasibus,
256 2370 342 2424 quarn
366 2351 470 2424 quibus
485 2351 513 2409 id
538 2353 603 2429 ipsa
626 2352 714 2410 Sacra
737 2353 882 2429 Scriptura
904 2353 1057 2428 expressit,
1072 2370 1146 2428 opus
1168 2349 1276 2410 esset.”

83 2447 312 2524 Woizogenius.⁴
351 2449 465 2506 Similia
486 2464 523 2506 ex
546 2448 756 2525 Wegscheider
774 2449 900 2507 Perrone
922 2449 1083 2525 descripsit,
1099 2448 1149 2522 qui
1170 2449 1277 2526 optime

80 2543 275 2602 animadvertit
298 2544 501 2602 Rationalistas
534 2541 754 2606 Socinianorum
779 2545 967 2621 objectiones,
993 2554 1129 2621 apparatu
1154 2543 1276 2618 quodam

79 2639 257 2707 eruditionis,
272 2639 360 2696 veluti
375 2657 464 2696 novas
478 2657 594 2716 urgere.

118 2742 187 2795 122.
209 2736 300 2814 Rcap.
323 2736 408 2794 Clare
423 2737 538 2808 quidem
560 2738 730 2814 mysterium
745 2736 800 2794 hoc
814 2737 936 2813 proponi
951 2735 1065 2803 debuit;
1087 2733 1140 2793 sed
1160 2734 1276 2811 scripto,

78 2834 124 2892 vel
136 2851 209 2893 voce
231 2852 405 2910 praeconum,
421 2853 474 2910 pro
488 2833 544 2891 Dei
564 2833 715 2892 revelantis
730 2834 855 2891 arbitrio.
897 2831 1029 2891 Profecto
1051 2831 1200 2907 Scriptura
1210 2840 1277 2919 tres

79 2948 216 3006 persuum
242 2930 272 2987 in
296 2930 431 3005 baptismi
456 2928 578 2988 formula
601 2928 813 3005 conjungendo,
828 2928 912 2986 unica
937 2928 1065 2986 omnium
1087 2926 1276 3015 inuocatione,

79 3035 348 3102 nnampotestatem
364 3024 598 3082 etauctoritatem
621 3024 750 3082 omnium
769 3022 908 3091 ostendit3
932 3033 960 3081 et
981 3024 1106 3090 Patrem,
1120 3021 1278 3079 etEilium

80 3139 166 3179 onum
181 3139 248 3178 esse
262 3120 402 3189 declarat3
423 3129 451 3178 et
465 3130 520 3178 tres
535 3130 622 3178 testes
637 3120 666 3177 in
689 3120 769 3186 caclo,
784 3120 909 3188 Patrem,
925 3119 1063 3188 Verbum,
1085 3129 1114 3177 et
1128 3118 1278 3195 Spiritum,

81 3236 168 3274 unum
182 3234 298 3289 quoque
313 3234 387 3274 esse.
429 3215 498 3274 ldeo
512 3216 568 3273 dici
584 3226 678 3292 potest
691 3215 795 3292 dogma
810 3217 838 3273 in
859 3216 947 3273 sacris
961 3217 1061 3274 litteris
1076 3216 1115 3275 ita
1128 3215 1277 3283 contineri,

82 3323 111 3373 ut
123 3314 186 3371 aliis
202 3314 295 3371 verb'is
310 3332 382 3390 opus
396 3332 453 3371 non
468 3314 515 3380 ait,
541 3313 576 3370 ad
590 3313 661 3370 illud
674 3314 890 3372 enuntiandum.
933 3314 1076 3373 Caeterum
1097 3316 1134 3373 ob
1157 3314 1279 3390 argutias

83 3410 287 3477 hereticorum,
298 3412 346 3483 qui
362 3411 438 3487 ipsas
451 3410 610 3486 Scripturas
623 3409 656 3467 ad
669 3428 750 3468 suam
761 3410 948 3487 perditionem
961 3411 1139 3483 detorquent,
1150 3410 1280 3470 formula

84 3506 145 3564 fidei
160 3507 331 3583 explicatius
345 3507 450 3583 dogma
464 3507 620 3574 enuntiant,
635 3525 672 3564 ne
687 3508 837 3565 verborum
852 3507 1016 3582 ambagibus
1031 3525 1116 3563 suurn
1129 3507 1209 3562 virus
1223 3506 1282 3573 bru·

83 3602 158 3662 retici
172 3605 276 3665 celent.
317 3604 466 3662 Falluntnr
478 3613 572 3663 autem
587 3604 637 3676 qni
652 3612 750 3680 putant
764 3605 925 3680 Scripturas
940 3603 1005 3660 novi
1019 3601 1199 3659 Testamenti
1213 3598 1280 3659 ideo

82 3710 208 3758 exaratas
223 3711 255 3757 ut
268 3699 400 3776 dogmata
414 3699 510 3756 omnia
521 3700 741 3766 innotescerent,
756 3700 850 3756 verbis
872 3717 957 3770 quarn
972 3695 1098 3753 maxime
1118 3694 1280 3771 perspicuis

84 3795 247 3871 proposita;
263 3814 328 3853 nam
342 3813 386 3853 res
401 3804 496 3871 gestas
508 3794 603 3870 potius
615 3794 762 3862 exhibent,
777 3793 967 3870 dogmataque
981 3791 1127 3858 nonnulla,
1141 3791 1229 3849 veluti
1243 3810 1281 3849 ex

82 3891 234 3949 occasione
246 3891 379 3948 etobiter
392 3891 570 3966 plerumque.
612 3888 645 3947 Id
661 3890 777 3962 quidem
792 3889 882 3947 divini
898 3887 1011 3946 consilii
1025 3887 1119 3943 visum
1133 3895 1187 3953 est,
1201 3904 1239 3943 ne
1251 3887 1283 3944 in

81 3986 272 4045 Ethnicorum
294 4005 394 4044 manus
409 3988 480 4044 forte
494 3986 588 4058 aliqua
601 3984 738 4062 delapsis,
753 3986 889 4062 mysteria
903 3983 1042 4042 altissima
1061 3982 1155 4040 lorent
1173 3981 1279 4040 irrisui.

80 4083 155 4141 Satis
171 4083 257 4160 igitur
271 4082 430 4142 indicantur
444 4092 474 4141 ut
487 4082 681 4158 predicationi
692 4093 720 4140 et
730 4083 798 4140 fidei
812 4082 954 4140 Ecclesia
965 4081 1054 4140 lerant
1064 4079 1280 4145 testimonium

76 4179 127 4239 sed
142 4178 303 4258 profundus
316 4198 402 4253 quern
417 4179 509 4236 celant
523 4196 625 4237 seusus
639 4197 698 4237 non
712 4188 789 4256 patet
802 4180 946 4238 omnibus.

349 4338 386 4395 (t)
405 4334 445 4384 Ad
457 4333 560 4384 Monim.
572 4334 588 4382 l.
598 4335 632 4383 iii.
644 4351 665 4384 c.
676 4350 699 4385 r.

350 4419 392 4485 (ἓ)
411 4419 512 4468 ibidem.

354 4505 397 4569 (3)
417 4504 470 4553 Sub
482 4504 558 4554 tinem
570 4502 700 4570 Apologia
711 4518 771 4559 roe,

351 4588 394 4656 (t)
415 4587 551 4641 Declaretio
560 4587 663 4642 duarum
675 4586 850 4642 contrariarum
861 4586 1035 4640 catantiarum
1046 4583 1114 4633 oili.
