2730 5018
298 301 356 361 na
379 300 596 360 enarum
620 300 793 360 enarra:
814 276 998 362 neroni-r
1178 276 1248 361 'aar
1328 360 1336 381 J.

42 469 97 530 per
117 453 223 515 Jeaum
239 456 387 516 Christum
402 458 433 515 iu
457 458 563 534 ipsum,
578 457 737 514 secuudum
760 458 938 534 propositum
960 458 1112 516 voluntatis
1132 477 1203 525 aure,
1217 459 1248 516 iu

46 549 162 610 laudern
178 553 276 628 gloriae
290 554 387 630 gratiae
402 572 471 617 auae,
486 555 516 610 in
531 572 587 625 qua
599 553 776 628 gratificavit,
792 572 844 610 uos
860 553 889 610 in
904 552 1008 610 dilecto
1020 552 1081 610 filio
1097 553 1196 611 euo.”¹

74 648 136 706 ’88.
159 649 192 706 ln
214 649 319 706 celebri
339 667 427 724 opere
452 649 604 725 Augustini
626 647 661 705 de
675 648 939 724 praedestinatione
959 655 1147 716 sanctorum,
1170 646 1249 720 quod

52 755 146 802 eontra
159 744 419 819 Semipelagianos,
434 744 520 801 fidem
537 744 622 800 veluti
630 743 672 799 ad
686 762 718 799 se
733 744 898 810 reserentes,
914 763 977 801 eam
992 745 1107 821 penitus
1122 743 1249 801 adiriua

56 839 136 921 gratia
148 839 258 896 trahere
270 839 409 914 originem
421 839 530 914 probat,
543 838 664 910 ideoque
673 837 979 914 pratdenlinationem¹
987 840 1093 907 statuit,
1105 840 1250 897 deoretum

59 933 160 991 scilieet
169 933 237 1000 Dei,
253 951 320 1005 quo,
336 943 400 990 ante
407 951 523 990 omnem
535 932 667 990 humanm
676 933 831 990 ,voluntatis
843 934 997 991 naturalem
1009 945 1151 1001 conatum,
1163 934 1252 1010 potia

59 1027 185 1088 adfidem
200 1046 319 1086 movens
334 1047 372 1084 ex
385 1027 482 1084 divina
501 1026 629 1103 largitate
643 1027 772 1084 donatur.
814 1037 834 1063 ⁴⁸
848 1026 909 1084 Cur
929 1039 1023 1086 autem
1038 1048 1095 1085 nou
1117 1028 1250 1086 omuibus

60 1120 160 1191 detur,”
176 1123 384 1191 animadvertit,
398 1123 543 1180 “fidelem
559 1140 674 1180 movere
686 1141 743 1179 non
757 1122 851 1191 debet,
865 1123 915 1195 qui
929 1123 1019 1181 eredit
1028 1142 1066 1181 ex
1078 1142 1135 1181 uno
1149 1141 1250 1180 omnen
1352 1152 1356 1161 =

61 1221 146 1282 brein
158 1219 437 1286 condemnationem,
450 1219 512 1302 sine
522 1218 695 1276 dubitatione
703 1219 894 1294 justissimam
906 1238 913 1274 :
930 1220 968 1275 ita
978 1232 1010 1276 ut
1021 1218 1098 1276 nulla
1107 1218 1163 1276 Dei
1174 1231 1251 1277 esset

58 1321 125 1396 justa
133 1315 332 1391 reprehensio,
347 1315 432 1371 eriam
445 1313 469 1370 si
484 1313 579 1370 nullus
593 1313 660 1371 inde
674 1313 848 1371 liberaretur.
893 1312 976 1371 Unde
992 1324 1104 1370 constat
1118 1332 1250 1390 magnam
1264 1297 1276 1306 '⁶

59 1429 113 1472 erae
127 1411 258 1487 gratiam,
274 1403 350 1480 quod
364 1408 480 1484 plurimi
493 1408 657 1473 liberantur,
672 1417 700 1464 et
714 1407 781 1479 quid
797 1407 852 1463 sibi
866 1407 1015 1465 deberetur
1029 1407 1059 1464 in
1074 1407 1178 1480 eisqui
1192 1425 1251 1466 non

59 1506 204 1565 liberantur
217 1513 393 1586 agnoscunt:
415 1503 510 1573 utqui
524 1502 669 1578 gloriatur,
684 1520 742 1558 non
757 1502 786 1558 in
801 1502 862 1558 auis
878 1502 996 1570 meritis,
1013 1520 1076 1574 quae
1092 1504 1171 1579 paria
1185 1520 1250 1560 esse
1273 1539 1277 1547 ι
1310 1504 1313 1510 ‘

58 1598 126 1657 ridet
139 1597 292 1664 damnetis,
307 1595 358 1653 sed
373 1596 402 1653 iu
424 1594 552 1653 Domino
573 1595 716 1671 glorietur.
760 1593 822 1652 Cur
835 1606 930 1653 autem
945 1596 1031 1653 iatum
1054 1596 1251 1672 potiusquam

58 1695 130 1754 illum
154 1694 264 1759 liberet,
290 1691 482 1750 inscrutabilia
504 1702 571 1749 aunt
594 1691 702 1768 judicia
724 1691 787 1765 ejus
811 1702 839 1748 et
862 1692 1073 1768 investigabiles
1098 1693 1152 1752 viae
1174 1693 1248 1769 ejus.

59 1789 160 1850 Melius
174 1788 252 1846 euim
267 1798 295 1844 et
309 1787 357 1844 hio
371 1785 502 1843 audimus
517 1785 710 1851 anthelmus,
726 1783 771 1840 ‘O
785 1784 884 1853 horno,
900 1796 930 1842 tu
945 1786 1010 1859 quis
1024 1804 1056 1842 ee
1068 1787 1117 1857 qui
1132 1804 1250 1861 rerpou·
1265 1787 1274 1804 ’

10 1868 19 1969 l
61 1883 121 1942 deae
136 1882 201 1940 Deo
211 1880 233 1937 l’
256 1898 342 1953 quam
362 1879 456 1937 dicere
470 1878 618 1946 audemus,
634 1879 716 1951 quael
739 1880 913 1947 noverimne,
930 1881 1007 1954 quod
1022 1881 1165 1939 oecultum
1185 1877 1250 1940 ea'ae
1345 1881 1349 1892 '

10 1974 12 1979 ’
61 1980 153 2048 voluit,
168 1979 218 2053 qui
233 1988 327 2035 tamen
340 1975 447 2050 aliquid
463 1976 601 2053 injustum
616 1974 689 2032 velle
704 1993 762 2033 nou
775 1975 915 2051 potuit.”³

93 2242 127 2385 lii
140 2235 304 2368 πᾶσι
319 2315 481 2364 reoentiorum
497 2313 663 2365 hereticorum
679 2330 727 2364 usu
744 2317 808 2365 mele
824 2323 903 2374 nouat,
919 2317 962 2367 red
979 2294 1111 2371 edniodum
1122 2319 1250 2372 Catholioa

53 2426 56 2432 ·
73 2400 290 2464 &divenditus
300 2413 376 2449 remu
392 2399 494 2449 innoxio
511 2405 536 2448 et
551 2400 676 2450 rarissimo
693 2400 805 2464 usurpari
812 2400 947 2451 meruerit.

99 2487 128 2552 (3)
142 2472 292 2554 adoptat
303 2482 385 2557 Senot
396 2483 476 2539 avita
487 2485 560 2534 ulo.
