2744 5024
77 306 135 369 roe
350 299 408 364 ue
428 298 529 363 meu
552 292 722 359 cnursru
743 282 1003 370 ιινιιιιιιιι.

76 436 122 521 los
124 461 242 537 ‚'qnod
234 479 265 522 ιιι
279 462 370 521 forma
380 455 506 521 buroam
516 459 554 517 sit
568 458 710 517 inventus.
732 454 804 520 Que
816 448 952 528 deinceps
962 459 1007 508 est
1016 442 1261 527 passus'adjungil.

76 568 108 616 ut
120 576 178 632 quo
191 576 256 616 sese
270 554 417 615 demiserit
429 554 518 613 nostri
531 570 616 610 causa
629 549 742 628 plenius
756 546 936 623 intelligatur.

115 656 165 712 90.
188 652 256 732 obj.
270 657 299 711 4.
321 652 370 712 Ex
384 669 442 725 quo
456 650 567 708 Psaltes
588 647 623 705 de
638 644 749 704 Messio
762 643 902 700 cecinerat
915 658 982 698 eum
995 657 1060 697 esse
1075 636 1140 696 Ilei
1152 630 1261 703 Filium.

76 718 153 810 idern
167 751 285 809 sonabat
298 750 360 808 hec
374 748 527 826 appellatio
540 742 616 822 apud
630 741 747 801 Jndaeos
763 758 795 796 ac
810 738 962 805 Christum
984 754 1038 794 nec
1052 735 1178 793 divinam
1189 740 1258 821 nutp·

76 864 138 904 ram
150 846 291 905 ullatenus
309 843 466 904 indicabat:
489 861 555 901 nam
576 849 604 898 et
623 836 718 897 David
738 830 945 912 primogenitus
966 832 1023 890 Dei
1043 808 1251 907 predicabatur:

79 941 177 1021 “lpse
191 942 334 1000 invocabit
347 959 411 999 me·
433 939 520 998 Pater
534 954 615 996 meus
628 953 660 992 es
675 944 734 991 ιι
820 937 880 986 ‚et
900 946 954 1005 ego
978 927 1194 1004 primogenitum
1212 942 1249 1003 pc·

79 1059 147 1099 nam
160 1037 242 1098 illurn
255 1039 401 1098 excelsum
416 1055 474 1114 prae
488 1035 602 1112 regibus
616 1042 706 1090 terroe.
709 1026 727 1058 ’'
731 1032 742 1063 ¹
757 972 913 1086 Profecti
928 1044 961 1082 ea
975 1025 1028 1082 fuit
1041 1023 1134 1101 gentis
1147 1008 1248 1083 Judeicb

79 1135 256 1196 consuetudo
270 1146 301 1193 ιι
313 1135 365 1193 filii
379 1134 435 1192 Dei
449 1139 615 1191 vocarentur
625 1125 728 1204 angeli,
740 1142 832 1201 reges,
848 1114 1039 1197 magistratus,
1052 1121 1111 1179 imo
1123 1121 1161 1197 pii
1171 1136 1247 1179 ornnes

81 1235 138 1292 Dei
151 1234 282 1291 cultores.
335 1230 460 1289 Messias
475 1237 568 1286 autem
583 1222 880 1302 filiusprimogenitus
894 1218 987 1277 dietus
1009 1229 1064 1287 est,
1079 1204 1249 1295 praestantissi-

81 1346 160 1387 mum
175 1327 285 1385 scilicet
299 1345 333 1384 ea
345 1325 456 1383 ratione
470 1324 618 1400 designare
633 1318 866 1387 consueverunt.¹
990 1312 993 1317 '

121 1428 170 1482 91.
189 1423 278 1500 Reap
301 1420 371 1480 No'n
385 1431 495 1480 constat
508 1421 625 1480 Judaeoa
641 1417 781 1477 Messiam
795 1414 902 1472 Filium
916 1412 972 1470 Dei
987 1431 1170 1471 consuevisse
1181 1411 1251 1489 deep·

82 1539 159 1580 nare.
201 1518 345 1578 Ceterum
360 1536 417 1576 non
431 1518 566 1585 interest;
587 1535 653 1574 nam
667 1516 758 1587 liquet
770 1509 872 1568 Jesurn
886 1527 951 1566 eum
966 1508 1021 1566 sibi
1035 1508 1189 1567 vindicasse
1204 1500 1251 1609 ‘ll
1265 1544 1267 1563 .

82 1616 141 1674 lum
157 1632 244 1673 sensu
264 1613 350 1691 longe
363 1613 533 1680 sublimiori,
556 1611 626 1669 adeo
641 1621 672 1668 ut
691 1608 844 1685 impietatis
859 1617 888 1665 et
901 1601 1086 1683 blasphemiae
1107 1576 1252 1680 argueretbr,

83 1722 181 1789 utpote
196 1712 245 1785 qui
259 1729 291 1768 se
305 1710 370 1768 Deo
384 1709 522 1805 aequalem
544 1707 687 1765 faciebat.⁸
727 1705 760 1763 si
773 1705 883 1782 placeat
896 1700 1177 1762 Psalt'raraticinium
1189 1695 1218 1755 de
1228 1710 1252 1753 st

84 1811 149 1886 ipso
164 1807 331 1884 intelligere,
346 1807 541 1882 potiusquam
556 1804 592 1863 de
607 1801 735 1871 Christo,
750 1801 806 1861 oui
811 1801 902 1878 magis
916 1799 1099 1859 convenit.‘
1103 1793 1161 1855 ‘Et
1172 1807 1253 1872 ponant

84 1905 115 1963 in
146 1903 284 1965 saeeulum
310 1901 408 1960 saeeuli
435 1888 535 1960 s'emen
561 1902 633 1977 ejus,
666 1910 694 1957 et
721 1899 854 1956 thronum
885 1897 947 1973 ejus
977 1897 1052 1953 sicut
1078 1893 1139 1952 dies
1172 1883 1253 1954 ccli

69 2000 219 2085 'translata
236 1998 327 2056 semel
341 2016 408 2066 vox,
424 1998 506 2073 cujus
520 1997 690 2073 significatio
705 2015 742 2053 ex
756 1995 895 2071 adjunctis
915 1993 1032 2059 eruitur,
1055 2009 1112 2049 non
1134 1995 1258 2090 potestat·

86 2105 223 2172 gumento
238 2112 302 2152 esse
317 2104 358 2152 tot
371 2102 400 2151 et
413 2101 469 2150 tam
484 2093 635 2169 perspicua
647 2092 681 2149 de
697 2092 814 2150 Christo
828 2091 944 2169 proprio
958 2090 1033 2148 Filio
1048 2087 1104 2146 Dei
1120 2078 1260 2143 esrincnir

86 2189 142 2246 late
156 2207 220 2246 esse
235 2187 409 2265 accipienda.
450 2186 517 2264 Ipsa
531 2205 604 2260 quae.
610 2188 743 2263 objicitur
755 2187 931 2277 consuetudo
941 2186 1017 2243 filios
1029 2182 1087 2242 Dei
1100 2169 1265 2254 nuncupanti

88 2284 215 2361 angelos,
230 2284 276 2342 vel
289 2283 421 2342 homines
436 2284 582 2341 sanctitate
595 2283 641 2341 rel
655 2285 817 2375 auctoritate
832 2272 972 2360 insignes,
987 2281 1163 2350 demonstrat
1175 2272 1267 2333 nullm

88 2381 256 2440 offensionis
270 2399 384 2438 eausam
398 2380 533 2438 orituram
547 2380 645 2448 fuisse,
667 2383 693 2438 si
706 2399 794 2439 sensu
808 2381 884 2440 haud
898 2379 1022 2438 absimili
1036 2397 1053 2434 a
1067 2375 1184 2433 Christo
1200 2382 1267 2429 usut·

88 2489 153 2553 pata
166 2477 266 2534 suisset
280 2475 347 2533 Filii
361 2474 418 2532 Dei
432 2475 594 2550 appellatio

128 2576 178 2630 92.
204 2570 270 2649 obj.
287 2574 314 2627 5.
336 2568 398 2646 Ipsu
410 2568 520 2626 Christi
530 2569 664 2646 drscrpuh
679 2569 785 2628 Filium
798 2570 855 2626 Der
866 2588 933 2626 eum
945 2575 1133 2645 agnoscentes
1144 2563 1180 2622 de
1191 2560 1267 2620 drrrn

90 2669 152 2744 ejus
167 2676 266 2724 natura
278 2664 349 2723 nihil
364 2664 499 2741 suspicati
514 2674 580 2722 sunt
592 2686 600 2723 ι
622 2685 676 2723 ιιι
687 2667 764 2724 enim
776 2683 842 2722 eum
853 2665 977 2722 coluisse
988 2663 1132 2740 leguntur.
1174 2657 1267 2719 Convt

90 2765 172 2822 niunt
196 2779 296 2820 omnes
321 2761 474 2837 scriptores
498 2760 655 2828 christiani,
679 2762 728 2834 qui
747 2761 847 2837 primis
863 2769 983 2832 quatuor
995 2757 1108 2815 seculis
1123 2755 1267 2814 floruerint

90 2859 245 2937 Apostolos
257 2859 336 2935 ipsos
351 2858 423 2917 nibil
437 2857 472 2914 de
486 2857 630 2915 divinitate
645 2859 707 2934 ejus
723 2859 890 2934 cogitasse.⁴
1121 2836 1124 2841 Ι

131 2961 180 3013 93.
201 2955 291 3029 Hesp.
313 2957 426 3019 Petrus,
442 2954 526 3011 Patre
540 2954 648 3011 ooelesti
663 2955 814 3022 revelante,
829 2954 934 3012 Filium
949 2951 1006 3009 Dei
1020 2949 1136 3028 agnovit
1150 2966 1185 3006 eo
1201 2964 1267 3005 sens

92 3050 167 3124 quod
183 3050 279 3107 omnia
292 3048 386 3105 cordis
400 3066 501 3106 arcana
515 3052 636 3114 nosset,⁵
658 3050 735 3121 quod
750 3061 824 3108 certe
845 3051 880 3108 de
901 3047 1137 3126 praestantissimo
1153 3062 1267 3118 quocun

93 3163 148 3218 que
163 3143 220 3200 Dei
233 3143 350 3210 famulo,
373 3143 417 3200 vel
432 3143 467 3200 de
481 3162 559 3201 mera
573 3155 699 3203 ereatura
714 3166 892 3220 quacumque
906 3146 964 3204 dici
983 3164 1041 3204 non
1063 3150 1172 3220 posset.
1214 3140 1267 3200 Mu

94 3240 217 3297 thaeum
230 3255 246 3293 e
258 3238 329 3295 ooelo
339 3237 523 3296 descendisse
535 3239 663 3315 professa
672 3253 724 3299 est:
744 3250 763 3278 ‘⁶
774 3243 881 3315 Utique
890 3241 1026 3307 Domine,
1037 3258 1090 3316 ego
1099 3236 1219 3305 credidi,
1229 3254 1267 3309 qu

94 3347 170 3394 tues
186 3334 319 3391 Christus
341 3333 433 3392 Filius
449 3333 506 3391 Dei
521 3335 589 3403 viri,
611 3337 660 3408 qui
674 3338 704 3395 in
718 3339 795 3395 huno
809 3337 946 3395 mundum
962 3334 1110 3395 venisti.'’⁰
1150 3333 1267 3408 Discipu

93 3432 270 3490 declararunt
283 3448 314 3487 se
329 3429 443 3487 credere
452 3440 523 3489 ‘eum
538 3452 554 3488 a
568 3431 633 3491 Deo
647 3434 833 3508 processisse,
849 3443 878 3490 et
891 3433 1021 3501 omniurn
1035 3427 1267 3508 cognitionelpre

95 3540 170 3597 tare3
191 3526 308 3585 Christo
318 3528 426 3603 quippe
437 3526 567 3586 dicente:
590 3538 609 3565 ⁴‘
621 3529 710 3586 Exivi
721 3549 737 3586 a
747 3528 843 3596 Patre,
858 3539 887 3586 et
896 3529 961 3586 veni
973 3529 1003 3585 in
1017 3527 1155 3586 mundum
1168 3545 1176 3583 ι
1192 3526 1267 3583 itere:

94 3626 224 3698 relinquo
243 3623 391 3689 mundum,
415 3632 443 3680 et
456 3623 528 3682 vado
551 3623 585 3682 ad
605 3623 731 3686 Patrem.
772 3624 880 3684 Dicunt
901 3625 929 3683 ei
950 3622 1083 3700 discipuli
1106 3622 1186 3700 ejus:
1216 3618 1267 3679 Ec<

131 3869 173 3935 (1)
193 3869 234 3918 Pr.
246 3870 357 3922 lxxxviii.
365 3873 407 3930 27,
418 3874 460 3920 28.

131 3956 168 4016 (2)
187 3953 305 4013 Glassiua,
317 3953 381 4004 Oan.
392 3953 450 4004 xvii.
464 3958 477 4006 l
490 3954 545 4006 edit
557 3955 632 4006 Detlu.

86 4034 91 4039 ’
134 4039 176 4103 (3)
196 4036 387 4100 “L’expression
398 4037 447 4102 fila
466 4037 496 4088 de
515 4039 583 4088 Dice
600 4039 659 4088 etuit
675 4037 736 4088 d’uu
747 4054 823 4100 usage
839 4040 959 4090 ordinaire
975 4037 1034 4088 ebes
1050 4037 1086 4086 les
1101 4034 1221 4096 hebreus,
1238 4049 1267 4099 pc

97 4136 209 4185 marqner
216 4119 331 4169 l’hcmme
339 4119 414 4169 d’une
423 4121 498 4170 haute
506 4137 609 4183 sagesse,
617 4121 691 4171 d’une
699 4122 773 4172 haute
784 4123 857 4186 pidre.
875 4124 913 4175 Oe
920 4123 984 4175 n’sat
991 4122 1060 4188 point
1065 4121 1128 4170 dans
1139 4136 1168 4170 ce
1180 4135 1267 4183 sens,q

97 4204 150 4256 s‘en
170 4203 257 4253 soruait
275 4202 348 4252 Jesus
369 4202 464 4262 Chriut3
481 4205 527 4254 elle
542 4203 647 4255 n'eureit
663 4221 707 4270 por
723 4205 797 4256 caure
814 4223 864 4257 une
880 4209 902 4259 si
920 4208 974 4259 uiue
990 4202 1267 4258 monton.’'-salvad‹

100 4286 222 4336 “histoire
233 4285 276 4339 des
286 4284 438 4335 institutione
448 4285 479 4335 de
487 4285 590 4337 Μοιιι.”
608 4294 625 4336 ι.
637 4287 669 4337 ΙΙ.
680 4289 696 4338 l.
708 4288 740 4338 iv.
751 4305 772 4339 c.
783 4289 817 4340 iii.
825 4290 878 4341 ιιοι.Ι

136 4372 174 4430 (4)
191 4369 316 4432 Priestley,
326 4369 404 4419 “hist
415 4368 497 4424 christ.
508 4370 624 4434 uhutch,’'
636 4389 660 4440 p.
674 4377 695 4424 1.
706 4377 720 4438 ἐ
733 4372 767 4427 xi·

134 4455 173 4513 (b)
189 4454 321 4506 loanni.
334 4457 372 4513 1⁷,

101 4590 109 4604 .
136 4537 174 4606 llll
190 4537 357 4623 romaum
