2744 5024
342 288 400 350 DE
419 288 629 391 BONORVM
649 287 827 350 OPERUM
848 285 1022 348 Memno
1121 306 1127 319 ¹
1221 288 1279 345 aon

80 486 85 495 ·
119 451 194 508 432.
215 447 305 525 Resp.
319 447 354 505 Id
363 448 458 505 dicere
467 438 655 525 apoemtqnia
664 463 763 504 revera
775 446 873 504 omnia
883 443 1107 515 Dcodebemus,
1122 461 1176 502 nec
1189 440 1277 502 ullam

77 543 123 602 illi
136 545 213 603 berre
237 542 347 621 agendo
361 528 508 600 afferimus
528 528 689 600 utilitatem.
730 540 842 600 Placuit
862 550 957 599 tamen
976 541 1018 599 illi
1039 538 1180 598 caele's'tem
1195 539 1278 598 nobis

77 640 212 717 polliceri
221 641 351 717 gloriam,
359 657 394 696 ea
406 636 569 696 conditione
582 647 613 694 ut
621 639 799 714 bonaopera,
811 635 908 714 gratie
922 637 985 714 ejrrs
997 635 1178 716 adjutoriolet
1186 644 1277 704 motu,

77 735 239 797 metamus:
261 742 434 810 quapropter
454 731 579 790 dicturus
602 742 647 790 est
668 732 775 789 famulo
799 730 896 789 fideli:
919 732 1036 808 “Euge
1057 750 1140 790 serve
1160 733 1234 790 bone
1248 741 1278 789 et

79 829 196 889 fidelis:
217 831 284 904 quia
296 847 383 905 super
396 847 487 905 pauca
500 828 578 887 suisti
591 827 695 896 fidelis,
710 846 798 905 super
815 828 904 887 multa
918 837 945 886 te
960 829 1144 897 constituam,
1159 829 1232 887 iutra
1245 829 1276 888 iu

83 927 220 1005 guadium
235 928 353 986 Domini
369 927 418 984 tui.
422 925 454 962 '²
1119 962 1122 967 -

16 1074 22 1089 ,
120 1028 193 1082 433.
217 1021 284 1101 ooj.
298 1027 327 1081 3.
348 1022 504 1099 Apostolus
519 1022 572 1079 ait.
595 1029 615 1059 ‘⁶
630 1021 835 1080 Gratiaautsm
850 1020 907 1081 Dei
923 1022 981 1080 vila
995 978 1149 1082 nterdsfl'
1188 1021 1278 1098 Igitur

82 1121 167 1180 bonis
180 1120 315 1198 operibus
330 1138 387 1179 non
402 1129 592 1194 comparatur.

121 1221 194 1275 434.
215 1214 303 1293 Rssp.
326 1216 429 1273 Verbis
443 1213 645 1289 Διιςιιιιίιιὶι6
648 1213 868 1274 ‘Verumtamen
889 1216 956 1289 quia
969 1224 997 1274 et
1018 1216 1080 1293 ipsa
1094 1215 1152 1274 vita
1165 1223 1278 1286 eterna,

82 1332 169 1388 qnam
184 1323 291 1389 certum
306 1322 350 1368 est
362 1311 446 1369 bonis
457 1310 590 1388 operibus
605 1308 729 1368 debitam
740 1309 829 1379 reddi,
842 1330 859 1368 s
872 1319 950 1370 tauto
969 1311 1109 1389 Apostolo
1120 1311 1209 1390 gratia
1223 1311 1279 1370 Dei

80 1403 195 1478 dicitur,
209 1428 275 1467 cunr
290 1409 378 1486 gratia
392 1426 449 1465 non
463 1407 597 1483 operibus
611 1391 752 1473 reddatur,
767 1406 819 1463 scd
832 1408 918 1483 gratis
939 1405 1031 1475 detur,
1046 1409 1109 1466 sine
1128 1409 1186 1466 ulls
1198 1410 1278 1468 dubi·
1357 1410 1363 1417 '

81 1506 188 1563 tatione
199 1503 392 1562 confitendum
400 1512 456 1570 set,
467 1501 533 1559 ideo
543 1500 661 1587 gratiam
673 1499 759 1558 vitam
771 1509 906 1559 seminam
918 1503 1023 1568 vocari,
1035 1501 1103 1574 qnia
1113 1502 1158 1559 his
1171 1503 1278 1562 meritis

81 1601 209 1661 redditur
222 1619 286 1674 quae
301 1602 388 1676 gratia
401 1599 519 1657 contulit
530 1597 685 1657 homiui.”'

119 1702 191 1757 435.
217 1695 283 1774 obj.
298 1701 328 1754 4.
358 1696 390 1753 S.
411 1695 589 1771 Augustinus
612 1695 706 1754 Deum
733 1694 880 1767 alloquens
904 1695 990 1753 dicit:
1015 1704 1034 1732 “
1048 1696 1170 1754 Prorsus
1192 1697 1277 1772 gratis

82 1795 145 1862 du,
158 1793 246 1871 gratis
261 1793 364 1862 salvas,
379 1791 428 1863 qui
444 1789 515 1848 nihil
531 1789 643 1848 invenis
664 1788 738 1847 unde
759 1790 863 1857 salves,
879 1800 907 1848 et
927 1789 1048 1848 multum
1070 1790 1182 1848 invenis
1203 1789 1278 1864 unde

82 1883 248 1949 &mapa

121 1988 193 2047 436.
214 1983 303 2061 Resp.
326 1976 409 2041 Nihil
424 1982 453 2038 in
467 1981 585 2040 homine
599 1982 654 2039 sibi
669 1981 766 2040 relicto
777 1979 897 2039 'invenit
908 1981 988 2040 Deus
1003 1980 1157 2040 undosum
1177 1982 1277 2051 salvet,

81 2081 136 2142 sed
154 2082 237 2159 plura
250 2099 309 2138 suae
331 2079 427 2156 gratim
441 2079 532 2147 douo;
558 2077 630 2137 adeo
651 2086 684 2136 ut
705 2079 803 2146 homo,
819 2077 916 2136 divina
935 2069 1128 2156 promissione
1151 2080 1278 2149 innixus,

81 2179 176 2256 possit
188 2177 331 2236 caelestem
345 2173 539 2233 hereditatem
559 2175 616 2232 sibi
630 2174 791 2236 vindicare:
816 2183 835 2211 “
848 2174 902 2233 Illo
922 2194 990 2252 ergo
1012 2175 1108 2243 modo,
1123 2194 1278 2252 possumus

81 2276 199 2353 exigere
224 2273 381 2332 Dominum
408 2282 547 2338 nostrum,
573 2281 603 2328 ut
627 2271 774 2333 dicamus:
798 2271 898 2330 Redde
922 2273 999 2346 quod
1023 2274 1190 2351 promisisti,
1213 2277 1281 2349 quia
1347 2306 1354 2319 =

82 2373 203 2430 fecimus
219 2369 294 2442 quod
312 2367 436 2444 jussisti,
452 2377 480 2423 et
493 2367 549 2424 boc
564 2376 593 2425 tu
607 2367 710 2437 fecisti,
726 2368 793 2441 quia
806 2368 965 2429 laborantes
982 2370 1131 2447 juvisti.⁰’⁵

121 2468 190 2526 437.
209 2463 283 2542 obj.
299 2468 326 2521 5.
349 2464 381 2520 S.
397 2463 521 2519 Basilius
537 2463 624 2522 ait:‘
628 2464 774 2537 ‘Requies
789 2473 966 2525 mtemauon
980 2466 1137 2526 secundum
1158 2487 1277 2544 operum

79 2564 208 2623 debitum
224 2581 256 2619 ac
270 2561 402 2619 meritum
419 2560 588 2627 retribuitur,
603 2559 683 2616 sed
672 2572 755 2635 Juxta
776 2562 1017 2636 magnificentiam
1039 2563 1097 2619 Dei
1116 2563 1163 2622 his
1177 2566 1227 2636 qui
1248 2566 1278 2623 in

78 2661 174 2739 ipsam
188 2656 393 2736 speraverunt’
396 2656 417 2690 ’⁰

120 2761 190 2816 438.
204 2755 293 2833 Hesp.
309 2755 418 2814 Obvius
434 2764 478 2812 cst
491 2772 609 2821 sensus,
620 2753 736 2829 premia
749 2754 835 2831 longe
849 2773 984 2831 superare
996 2756 1104 2824 merita,
1118 2758 1278 2816 tribuuntur
1320 2770 1324 2781 “

79 2853 192 2913 scilicet
207 2871 266 2931 pro
293 2870 406 2909 summa
428 2849 485 2907 Dei
506 2850 710 2908 munificentia.
752 2850 833 2909 Alias
860 2851 946 2909 dicit:
970 2850 1110 2909 “Omnes
1132 2854 1182 2925 qui
1202 2855 1277 2914 viam

79 2948 286 3027 Evangelicam
301 2944 474 3013 incedimus,
491 2959 661 3004 mercatores
682 2964 782 3004 sumus
804 2966 855 3024 per
868 2965 955 3025 opera
976 2947 1172 3008 mandatorum
1194 2952 1277 3010 nobis

78 3045 295 3123 possessionem
309 3042 464 3100 caelestium
479 3041 727 3119 compararrtes.’”

120 3146 190 3205 439.
215 3139 281 3218 Obj.
299 3145 326 3198 6.
349 3140 380 3197 S.
398 3140 554 3216 Gregorius
570 3141 614 3200 M.
636 3142 700 3199 “Si
714 3160 787 3218 opus
810 3142 919 3200 virtutis
940 3159 1106 3210 exercuero,
1121 3144 1156 3204 ud
1177 3145 1275 3215 uitam,

77 3260 138 3302 non
152 3257 190 3298 ex
205 3237 322 3304 meritis,
337 3235 388 3293 sed
403 3254 440 3292 ex
452 3236 544 3304 venia,
559 3239 773 3298 convalesco.”⁸

118 3339 189 3396 440.
210 3333 299 3410 Hesp.
323 3332 411 3389 Nulla
434 3342 529 3390 nostra
551 3344 619 3391 suut
641 3337 750 3404 merita,
776 3337 831 3394 nisi
854 3335 918 3394 data
942 3336 1109 3398 delictorum
1130 3341 1224 3408 venia,
1248 3349 1277 3398 et

76 3439 183 3498 tributa
194 3434 293 3513 gratia.
335 3430 477 3488 Caeterum
490 3449 506 3505 ι,
521 3439 541 3466 “
555 3431 622 3502 quia
635 3432 733 3489 iubac
758 3434 814 3489 vita
834 3433 916 3490 uobis
931 3445 975 3491 est
996 3434 1129 3495 discretio
1143 3450 1273 3514 eperum,

75 3537 131 3596 erit
143 3535 174 3594 in
188 3533 236 3592 illa
251 3529 349 3607 procul
363 3527 448 3584 dubio
463 3526 596 3584 discretio
610 3527 789 3604 dignitatum,
805 3538 836 3584 ut
849 3546 907 3599 quo
921 3529 968 3586 hic
984 3531 1055 3587 alius
1071 3531 1156 3590 alium
1172 3535 1273 3592 merito

74 3638 203 3711 superat,
218 3627 276 3686 illic
290 3625 360 3682 alius
376 3623 461 3679 alium
477 3622 660 3680 retributione
674 3622 897 3681 transcendat.”⁰

278 3782 317 3846 (ι)
337 3780 407 3833 Mati.
420 3769 478 3827 ω’.
489 3781 528 3829 23.

279 3865 322 3930 (2)
341 3863 412 3912 Rom.
424 3863 454 3911 vi.
467 3865 508 3909 23.

275 3950 304 4015 (3
289 3948 365 4014 ³1.)
377 3949 406 3998 dc
417 3956 516 4012 corrept
527 3957 552 3997 ot
562 3955 621 4010 grat.
633 3964 654 3997 o.
672 3948 723 3997 xiii.

278 4036 290 4100 (
291 4034 416 4084 tserm.
428 4033 500 4082 clxix.
514 4033 573 4082 alies
584 4049 623 4082 xv.
635 4033 666 4082 de
675 4032 761 4081 Verbis
773 4031 892 4096 Apostoli.

277 4121 288 4184 (

276 4206 288 4271 (

291 4037 320 4184 4}
338 4119 415 4167 Scrm.
425 4119 496 4167 clviii.
509 4119 568 4168 alias
580 4118 628 4168 xvi.
642 4119 672 4168 dc
683 4119 771 4168 Verbis
782 4118 901 4183 Apostoli.
909 4136 930 4169 c.
942 4124 966 4170 2.

308 4207 318 4272 )

290 4123 305 4168 5

290 4208 305 4254 6
339 4206 376 4254 Ιιι.
387 4206 428 4253 Ps.
440 4221 503 4254 crrv.

273 4291 316 4360 (7)
336 4291 419 4339 Orat.
413 4306 439 4338 ιιι
450 4287 548 4338 initium
560 4290 630 4339 Pruv.

275 4377 318 4442 (Β)
338 4375 386 4423 L.'
379 4391 413 4423 ιι.
425 4374 511 4423 Moral
521 4391 542 4424 c.
555 4375 605 4424 xiv.

273 4457 385 4524 (91ss)
377 4474 410 4509 ιιι.
422 4458 537 4508 Μοιιι1.ι..
549 4459 600 4508 xlii.

640 4543 697 4599 31*
