2730 5018
308 270 368 337 DE
391 271 692 334 REDEMPTORIS
714 269 1057 331 ΕΧΡΕΟΤΑΤΙΟΝΕ.
1223 271 1284 327 107

115 445 246 493 tucomnes
255 442 355 506 gentes
366 432 495 489 terrae.'’²
510 431 608 488 isaaco
616 440 646 486 et
655 429 675 487 J
677 430 765 487 aeobo
776 436 909 486 renovata
920 436 973 494 est,
984 425 1086 484 iisdem
1099 426 1156 483 fere
1168 427 1285 484 uerbis.¹

112 531 170 590 llltn
191 540 284 584 autem
305 529 438 590 omnium
464 530 590 604 gentium
614 527 844 584 benedictionem
869 525 904 582 ad
927 524 1172 601 justificationem,
1198 542 1284 596 quam

107 633 186 702 gentes
200 622 230 678 in
242 620 391 681 Christum
404 624 554 681 eredentes
567 633 738 680 assecuturae
751 614 842 688 erant,
856 621 940 678 refert
953 620 1128 696 Apostolus:
1153 629 1171 656 “
1185 620 1284 677 Provi-

107 721 162 777 dens
186 727 281 776 autem
306 720 453 796 Scriptura
467 721 534 792 quia
554 739 591 777 ex
612 720 668 776 fide
689 719 828 795 justificat
848 730 947 792 gentes
972 718 1062 784 Deus,
1087 716 1286 792 praenuntiavit

102 813 224 873 atrahe:
249 815 317 886 quia
329 816 533 874 benedicentur
546 817 574 874 in
591 827 617 873 te
633 834 733 873 omnes
748 814 895 890 gentes.'‘⁸
920 814 1026 872 Semen
1040 825 1134 870 autem
1146 812 1286 888 singulari

98 929 204 969 numero
217 911 253 968 ad
277 913 418 989 insignem
433 913 515 970 illum
540 913 661 970 Abrahae
688 911 778 968 tilium
800 910 896 968 referri
916 911 1001 967 docet
1021 909 1186 985 Apostolus,
1201 910 1284 985 cujus

95 1007 234 1085 auctoritas
249 1008 326 1082 apud
341 1009 552 1067 Christifideles
568 1010 692 1065 obtinent
707 1026 826 1064 necesse
843 1018 905 1075 est,
919 1018 953 1064 ut
966 1006 1083 1065 interim
1092 1006 1285 1082 praetermitta-

96 1121 150 1160 mus
158 1121 219 1160 eam
230 1105 369 1162 rationem
380 1105 582 1181 interpretandi
592 1104 665 1179 apud
673 1103 791 1161 ludaeos
803 1104 1014 1176 usitatam,qui,
1023 1123 1111 1176 quum
1120 1103 1283 1178 Scripturas

93 1211 125 1253 ex
143 1197 267 1272 Spiritus
294 1199 391 1256 Sancti
414 1200 749 1275 inspiratione'exaratas
768 1199 927 1265 crederent,
950 1218 1002 1256 nec
1028 1199 1157 1256 voculam
1183 1217 1283 1256 vacare
1313 1198 1317 1206 ’

93 1295 222 1369 mysterio
238 1295 316 1352 haud
329 1297 471 1354 immerito
486 1298 649 1353 censebant.
691 1307 712 1332 ⁴⁶
724 1297 844 1354 Abrahae
856 1296 938 1352 dictae
950 1305 1016 1352 sunt
1028 1295 1244 1371 promissiones,
1256 1304 1285 1352 et

35 1442 38 1483 ι
90 1389 186 1447 semini
201 1390 276 1466 ejus.
319 1393 387 1449 Non
402 1393 486 1449 dicit:
503 1405 531 1449 et
545 1393 713 1458 seminibus,
730 1393 810 1465 qnasi
826 1393 854 1449 in
871 1391 985 1448 multis:
1002 1390 1052 1448 sed
1065 1392 1147 1463 quasi
1161 1392 1190 1448 in
1206 1410 1282 1449 uno:

35 1486 37 1555 ξ
92 1486 126 1544 Et
137 1487 242 1544 semini
255 1499 315 1555 tuo,
326 1489 375 1561 qui
388 1499 431 1546 est
443 1484 625 1546 Christus.”⁴
646 1490 737 1564 AEgre
751 1489 923 1545 assentimur
939 1487 1156 1563 Hengstenberg
1169 1487 1285 1547 docenti

35 1576 38 1701 i
89 1583 258 1660 Apostolum
284 1585 357 1642 hanc
381 1586 642 1661 interpretationem
663 1584 837 1662 possibilem
850 1605 916 1643 esse
938 1596 1045 1643 tantum
1061 1585 1179 1651 tradere,
1195 1603 1285 1658 quum

89 1680 146 1738 uoci
159 1690 240 1739 tanta
254 1684 298 1739 vis
313 1682 386 1739 haud
400 1683 561 1741 necessarii
578 1683 644 1740 insit
654 1686 677 1739 :⁵
691 1683 822 1754 quamvis
834 1683 936 1741 demus
950 1683 1119 1758 Apostolum
1131 1702 1167 1739 ex
1176 1693 1282 1740 eventu

87 1777 285 1853 promissionis
300 1778 436 1854 singulari
452 1797 572 1835 numero
585 1778 738 1835 enuntiatae
753 1778 809 1835 viru
826 1777 969 1845 adnotare,
982 1797 1044 1850 quae
1054 1779 1123 1835 alias
1139 1797 1197 1835 non
1212 1777 1284 1834 soret

83 1875 202 1932 omnino
216 1875 415 1932 ineluctabilis,
1093 1862 1099 1877 ’

121 1976 150 2029 5.
175 1973 265 2031 Nulla
277 1973 447 2030 verosimilis
462 1973 600 2048 assignari
617 1981 711 2047 potest
726 1973 796 2029 ratio
813 1991 867 2044 qua
882 1981 981 2048 gentes
997 1973 1135 2030 universae
1150 1972 1181 2029 in
1197 1971 1285 2029 Abra·

80 2067 125 2124 bre
141 2067 266 2144 posteris
288 2069 530 2135 benedicerentur,
555 2080 657 2143 praeter
677 2068 865 2143 redemptoris
890 2068 1052 2126 adventum.
1095 2066 1285 2143 Temporales

77 2163 259 2223 calamitates
281 2165 310 2223 in
326 2164 507 2223 Chananaeos
522 2165 556 2221 ab
580 2165 715 2221 lsraelitis
737 2164 868 2220 derivatae
889 2174 972 2220 sunt:
1005 2182 1063 2221 non
1082 2164 1168 2240 igitur
1190 2183 1223 2221 ea
1244 2183 1285 2221 ra·

79 2259 163 2317 tione
176 2259 334 2328 benedicte
349 2271 417 2318 sunt
440 2270 550 2336 gentes,
572 2260 624 2317 sed
638 2259 830 2335 spiritualibus
856 2260 978 2334 acceptis
999 2260 1158 2317 beneficiis.
1200 2258 1286 2324 Quot

77 2367 179 2414 autem
192 2359 253 2415 veri
268 2358 323 2415 Dei
345 2358 470 2434 cognitio
489 2375 589 2414 eorum
605 2376 692 2432 opera
704 2357 743 2413 sit
765 2357 941 2428 aliquatenus
962 2355 1068 2413 diffusa
1088 2357 1161 2412 inter
1176 2357 1284 2414 vicinas

77 2461 195 2529 gentes,
218 2454 403 2530 promissioni
425 2454 613 2530 amplissimae
629 2471 685 2509 non
706 2452 869 2527 respondet.
911 2452 1036 2510 lnaniter
1056 2463 1149 2509 autem
1167 2452 1285 2524 quidam

76 2551 179 2609 conati
192 2561 260 2608 sunt
273 2559 383 2608 textum
403 2552 558 2628 explicare,
573 2550 609 2608 de
623 2551 732 2608 ratione
747 2569 803 2622 qua
817 2560 915 2625 gentes
930 2569 962 2607 se
976 2551 1071 2607 beatas
1087 2549 1283 2625 predicarent,

83 2643 220 2712 Abrahae,
234 2646 337 2712 lsaaci,
350 2656 381 2703 et
393 2646 411 2704 J
414 2647 495 2703 acobi
510 2648 607 2712 instar,
621 2665 685 2702 narn
697 2645 788 2717 liquet
800 2663 837 2700 ex
849 2645 940 2700 verbis
957 2645 1081 2701 vaticinii
1096 2645 1172 2719 ipsas
1184 2657 1285 2720 gentes

82 2740 305 2810 benedicendas,
320 2742 452 2800 iruituras
473 2742 584 2800 scilicet
598 2741 731 2799 maximis
752 2740 910 2807 beneficiis,
933 2740 1056 2816 insignis
1077 2739 1228 2816 cujusdam
1248 2760 1285 2800 ex

84 2839 254 2916 patriarchis
268 2839 398 2915 prognati
413 2858 510 2915 opera.

125 2939 155 2993 6,
177 2934 302 3010 Moyses
315 2935 485 3012 proplietam
498 2936 544 2992 sui
558 2937 647 2995 instar
658 2934 794 2991 diuinitus
807 2933 999 2991 suscitandum
1014 2933 1145 3008 praedixit
1156 2935 1281 3011 populo:

84 3039 106 3068 ‘⁸
118 3031 293 3108 Prophetam
305 3031 341 3089 de
355 3041 439 3107 geute
452 3041 510 3099 tua,
523 3042 551 3088 et
565 3031 600 3089 de
615 3031 744 3087 fratribus
760 3031 825 3098 tuis,
841 3031 915 3086 sicut
929 3048 985 3096 me,
999 3031 1146 3088 suscitabit
1160 3031 1211 3088 tibi
1226 3031 1286 3090 Do·

85 3129 182 3187 minus
195 3128 276 3187 Deus
288 3139 368 3186 tuus:
385 3129 480 3206 ipsum
495 3128 641 3186 audies.”⁸
682 3128 740 3185 Hic
755 3146 812 3184 non
826 3128 945 3200 quilibet
960 3129 1107 3203 propheta,
1122 3148 1176 3186 nec
1190 3139 1286 3187 uatum

84 3224 186 3292 series,
199 3223 252 3282 sed
265 3224 382 3297 quidam
397 3224 550 3301 singularis
564 3224 712 3300 propheta,
727 3223 777 3296 qui
789 3224 879 3281 instar
893 3224 987 3280 Mnsis
1001 3224 1095 3282 Deum
1110 3226 1183 3283 inter
1196 3235 1225 3283 et
1236 3245 1285 3302 po·

86 3321 186 3396 pulum
198 3320 274 3379 t'oret
287 3331 443 3394 sequester,
459 3321 565 3394 quique
577 3338 767 3393 quaecumque
790 3319 936 3377 mandaret
947 3320 1030 3378 Deus
1044 3319 1216 3392 loqueretur,
1237 3323 1287 3381 de-

84 3417 222 3492 signatur.
267 3417 346 3474 lline
369 3416 463 3475 Judaei
488 3427 597 3474 ueteres
622 3415 657 3473 dc
684 3416 794 3473 Messia
817 3416 1040 3491 explicuerunt,⁷
1072 3419 1121 3488 qui
1147 3419 1287 3494 propheta

84 3509 233 3581 dmitos
256 3511 365 3570 idcirco
389 3512 564 3569 uocabatur.⁸
614 3509 699 3586 Apud
722 3510 925 3576 Samaritanus,
955 3510 1151 3567 Pentateucho
1175 3523 1286 3571 tautum

85 3619 208 3677 nunus,
217 3609 310 3686 riguit
321 3591 356 3666 ea
365 3608 438 3666 tides
451 3607 487 3679 de
502 3607 620 3666 Christo
634 3619 763 3675 venturo,
776 3606 824 3680 qui
838 3605 953 3682 plenam
966 3623 1061 3663 rerum
1073 3607 1203 3665 omnium
1217 3625 1281 3680 ques

118 3842 165 3912 (l)
184 3842 249 3892 Geta.
260 3842 303 3893 xii.
315 3845 339 3891 3.
350 3842 409 3892 xvii.
423 3845 462 3892 ts.
479 3843 540 3892 xxti.
553 3843 593 3893 ts.

118 3929 166 3994 (2)
183 3927 249 3976 Get
261 3928 329 3976 xxvi.
339 3929 365 3974 o.
375 3926 461 3977 xxviii.
474 3929 512 3976 le.
526 3929 565 3979 14.

118 4013 166 4077 (3)
185 4011 243 4060 Gal.
252 4011 288 4060 tii.
297 4015 324 4060 e.
339 4013 377 4061 14.

116 4099 165 4164 (4)
185 4097 286 4156 Μόνη,
294 4113 318 4147 s.
329 4099 368 4149 lu.

116 4178 165 4248 (5)
185 4180 344 4246 christology
355 4181 394 4231 eli.
404 4181 432 4232 ἱ
438 4181 563 4249 penae
574 4185 598 4232 to
607 4179 649 4232 tte
662 4179 818 4239 Potriarelte,
830 4195 854 4244 p.
865 4181 907 4228 ts.

117 4269 161 4330 (6)
178 4266 255 4319 nese
265 4267 333 4317 xviii
345 4270 385 4319 ts.

113 4353 158 4411 (7)
175 4349 205 4399 id
215 4349 304 4399 tatem
310 4348 438 4400 Berttreldt
447 4350 479 4402 de
489 4357 544 4402 ortu
554 4350 643 4401 Thecl.
653 4349 710 4401 lud.
721 4364 746 4414 p.
760 4351 816 4410 1119,
829 4348 872 4399 cit.
882 4364 899 4399 a
910 4347 1105 4413 tremuntur.
1123 4347 1288 4418 Christolcgy,

83 4433 163 4488 Μ.
176 4435 217 4492 ts,
225 4448 252 4502 p.
264 4435 306 4484 119.

115 4524 159 4586 θ)
175 4519 252 4575 Μ
263 4519 294 4572 s‘t
307 4521 347 4573 14.

1308 4480 1317 4517 1
