2730 5018
75 237 140 311 syo
198 226 205 241 ·
245 300 258 329 „
303 212 324 293 ·’.
381 229 439 291 nn
461 229 632 291 ona'nu
655 222 977 305 necessariam,

477 478 680 529 messbffl
696 482 884 527 ”milm-

120 628 169 685 25.
194 623 261 704 obj.
279 629 306 685 l.
328 626 475 686 Sententia
483 624 519 684 de
528 624 624 702 gratiae
635 623 802 682 necessitate
812 622 1005 700 Augustinum
1013 620 1257 692 habuitauctoren,

81 720 164 798 cujus
178 720 294 798 ingenio
308 733 338 781 et
357 725 520 783 auctoritate
541 720 662 779 obtinuit
682 720 712 778 in
733 718 866 778 Ecclesia
889 719 1015 778 Latina.¹
1035 725 1134 777 contra
1153 715 1260 792 priorum

81 815 251 876 seculorum
266 816 364 876 fidem.
392 819 438 877 De
453 815 683 876 Massiliensibus
698 814 805 872 idcirco
819 825 936 873 testatur
955 814 1084 890 Prosper
1097 811 1134 870 ad
1148 812 1263 887 Augusti·

83 926 153 968 num
175 911 322 970 scribens:
354 922 374 950 ‘⁴
384 913 613 971 obstinationem
628 929 708 968 snam
723 919 860 967 vetustate
871 908 1053 979 defendunt:
1073 917 1102 966 et
1120 925 1155 964 ea
1168 922 1224 978 que
1235 907 1264 965 dc

82 992 205 1077 cpis'tola
221 1005 349 1080 Apostoli
363 1006 448 1064 Pauli
461 1005 600 1064 Romanis
614 1003 774 1071 scribentis,
787 1003 823 1061 ad
835 1004 1092 1062 manifestationem
1105 990 1206 1058 divine
1216 1018 1267 1076 gra·

83 1097 129 1154 tie
144 1101 344 1174 pravenientis
357 1102 511 1160 electorum
526 1103 625 1159 merita
639 1100 828 1177 proferuntur,
846 1118 867 1157 u
878 1097 959 1158 nullo
973 1116 1108 1177 eumaem
1122 1096 1267 1154 Ecclesias-

84 1191 205 1251 ticorum
216 1195 254 1251 ita
268 1212 333 1253 esre
346 1197 498 1264 intellecta,
513 1205 545 1254 ut
557 1214 633 1253 nunc
647 1196 816 1258 sentiuntur,
831 1194 1018 1252 affirmant.”’

124 1291 174 1344 26.
195 1286 285 1365 Resp.
308 1291 426 1367 Pelagio
440 1310 513 1349 nora
526 1309 579 1347 sua
593 1291 696 1366 placita
710 1299 896 1366 proponente,
921 1309 956 1346 ea
969 1290 1075 1362 ubique
1089 1304 1142 1364 per
1155 1285 1276 1344 Ecclesi-

84 1396 130 1438 am
145 1398 280 1460 magnum
294 1386 439 1444 horrorem
454 1388 594 1454 lecerunt,
604 1396 701 1462 utpote
716 1405 779 1457 quae
794 1385 996 1462 redemptionis
1010 1389 1190 1462 mysterium,
1202 1393 1229 1439 et
1238 1394 1298 1440 to·

84 1489 142 1536 tum
156 1478 280 1539 divinam
295 1485 484 1541 oeconomiam
499 1493 666 1540 everterent.
708 1483 884 1558 Augustinus
907 1501 963 1541 aon
979 1482 1099 1558 primns,
1123 1498 1176 1537 nee
1190 1479 1310 1547 solus..

85 1590 118 1632 re
131 1574 173 1633 illi
186 1579 332 1654 opposuit,
357 1579 409 1636 sed
423 1578 556 1646 Orosius,
571 1578 779 1654 Hieronymus,
795 1578 909 1651 aliique,
933 1579 1063 1650 quamvis
1077 1576 1142 1652 ipse
1157 1593 1214 1650 pre
1229 1588 1310 1630 car-

85 1664 164 1738 teris,
178 1682 339 1730 nontamen
355 1675 476 1750 privatas
491 1693 556 1732 suas
571 1674 735 1740 sententias,
751 1672 804 1729 sed
823 1682 954 1731 “rectam
969 1680 999 1730 et
1014 1671 1168 1744 antiquitus
1184 1667 1310 1727 lunda-

86 1772 143 1821 tam
159 1762 336 1826 (latholicam
352 1768 438 1826 fidem
454 1768 589 1829 adversus
604 1779 745 1826 recentem
760 1769 978 1844 Pelagianorum
993 1767 1192 1824 hereticorum
1213 1775 1300 1838 pra}

86 1859 279 1934 sumptionem
305 1863 539 1938 pemieiemque”
565 1862 746 1920 defendens.⁸
785 1862 930 1939 Diospoli,
956 1863 1080 1929 luitevu,
1106 1858 1269 1934 Carthagini
1292 1892 1310 1924 .

86 1954 208 2010 concilia
221 1955 314 2014 habita
329 1959 452 2017 novitios
466 1960 629 2034 abjecerunt
643 1978 764 2026 errores,
789 1969 917 2017 veterum
931 1958 1018 2016 fidem
1033 1968 1141 2014 secuta.
1185 1955 1310 2024 Ponti

86 2045 155 2104 fices
170 2051 253 2108 etiam
270 2052 393 2111 Romani
419 2072 503 2127 quam
519 2073 535 2110 a
549 2055 635 2112 Petro
649 2054 807 2111 derivarant
827 2054 1003 2111 traditionem
1021 2051 1202 2110 solemnibus
1217 2049 1310 2122 deffi

85 2144 241 2202 nitionibus
256 2157 353 2204 contra
368 2158 517 2207 novatores
543 2150 714 2207 munierunt.
757 2149 829 2206 Haec
851 2150 926 2206 orbis
950 2148 1098 2206 christiani
1118 2145 1310 2221 testimonia

85 2252 270 2301 monumenta
283 2254 350 2303 sunt
363 2256 437 2303 certa
451 2255 479 2303 et
494 2246 628 2322 preclara
641 2245 708 2303 fidei
722 2247 875 2322 primaevae.
898 2245 982 2312 Quod
997 2246 1021 2302 si
1036 2244 1071 2302 de
1083 2243 1210 2319 singuiis
1221 2259 1299 2313 qum

83 2335 113 2391 in
135 2341 354 2398 controversiam
370 2359 402 2398 ea
416 2343 567 2399 occasione
583 2352 729 2408 venerunt,
753 2342 902 2418 perspicua
916 2340 987 2398 adeo
1001 2360 1059 2398 non
1072 2340 1131 2396 sint
1153 2337 1285 2413 priorum

84 2440 244 2507 temporum
259 2435 373 2511 scripta,
396 2437 498 2493 mirum
514 2436 542 2493 id
558 2436 646 2493 videri
661 2455 717 2492 non
732 2436 825 2504 debet,
843 2455 930 2508 quum
946 2435 1143 2492 hereticorum
1163 2433 1278 2506 argutia·

83 2545 145 2584 rum
161 2528 311 2587 occasione
324 2531 461 2607 explicari
476 2533 577 2608 magis,
602 2544 629 2588 ct
644 2531 744 2607 majori
768 2532 797 2589 in
823 2532 885 2589 luce
909 2532 977 2606 poni
991 2529 1194 2588 consueuerint
1215 2526 1272 2590 fidei

82 2619 224 2703 dwnata.
267 2626 339 2684 Haec
355 2628 441 2684 veluti
464 2628 564 2686 nucleo
587 2626 710 2699 quodam
736 2628 874 2684 contineri
889 2626 1028 2692 videntur,
1055 2624 1192 2698 quamdiu
1215 2640 1272 2684 eum

82 2714 211 2794 haugere
226 2720 400 2796 perdereque
415 2721 540 2779 haeretici
562 2740 619 2779 non
636 2710 739 2779 luerint
752 2722 854 2778 conati.
897 2720 1040 2792 Equidem
1064 2720 1211 2795 peccatum
1227 2722 1275 2777 ori·

82 2816 168 2889 ginis,
184 2816 387 2894 redemptionis
403 2820 582 2894 mysterium,
599 2831 626 2874 et
640 2818 771 2892 baptismi
788 2819 830 2873 vis
845 2839 860 2873 a
875 2818 1000 2892 patribus
1020 2819 1146 2893 priorum
1162 2819 1276 2875 saeculo-

82 2929 143 2967 rum
160 2913 446 2985 celebrabantur,.qni
461 2924 554 2969 tamen
570 2914 736 2988 plerumque
751 2913 929 2969 occasionem
945 2931 1001 2967 non
1018 2912 1177 2967 habuerunt
1195 2912 1228 2968 de
1244 2916 1277 2972 iis

83 3009 166 3064 rebus
182 3009 294 3083 agendi,
321 3029 383 3079 quae
399 3010 560 3066 necessario
576 3008 661 3064 veluti
679 3027 752 3064 nexu
770 3026 806 3063 ex
828 3008 862 3063 iis
878 3007 1055 3082 dogmatibus
1077 3007 1278 3077 sequebantur.

84 3104 188 3167 “Quid
206 3104 290 3180 igitur
304 3122 376 3177 opus
392 3114 444 3169 est,
461 3115 601 3159 uteorum
625 3115 782 3159 scrutemur
797 3103 944 3177 opuscula,
972 3103 1020 3173 qui
1044 3103 1279 3176 priusquamista

82 3199 199 3255 haeresis
215 3201 342 3264 oriretur,
358 3217 415 3254 non
431 3200 588 3254 habuerunt
610 3199 806 3253 necessitatem
823 3199 851 3253 in
868 3199 920 3254 hac
934 3190 1042 3255 difficili
1058 3196 1092 3253 ad
1109 3198 1278 3258 solvendum

82 3295 238 3366 quastione
253 3295 377 3349 versarii
419 3291 502 3357 Quod
519 3291 616 3366 procul
632 3292 717 3348 dnbio
733 3293 867 3358 lacerent,
888 3295 913 3348 si
928 3292 1101 3368 respondere
1115 3293 1219 3351 talibus
1235 3315 1281 3352 co·

81 3388 245 3464 gerentur.”
286 3389 327 3445 lta
342 3388 518 3464 hrrgrrstinus
531 3386 677 3463 respondit
691 3387 917 3444 Massiliensium
933 3388 1081 3459 querelae!

121 3491 171 3542 27.
196 3483 261 3562 Otj.
276 3490 307 3544 2.
329 3484 463 3551 Hermas,
480 3485 694 3556 antiquissimus
704 3484 834 3558 scriptor,
850 3484 1043 3558 poenitentiam
1055 3483 1140 3562 tribui
1165 3504 1217 3559 pro
1231 3505 1282 3561 pu·

81 3582 160 3640 ritate
176 3581 278 3638 mentis
303 3582 423 3656 praevisa
437 3590 465 3637 et
480 3581 588 3637 virtutis
603 3579 697 3636 studio
718 3578 804 3636 dicit:
828 3579 985 3643 “Quorum
1002 3577 1110 3635 viderat
1133 3579 1280 3637 Dominus

82 3699 165 3755 puras
182 3688 290 3734 mentes
305 3677 422 3744 futuras,
438 3687 466 3734 et
480 3678 631 3734 servituros
647 3676 673 3732 ei
688 3694 725 3732 ex
740 3677 805 3732 totis
820 3675 994 3752 praecordiis,
1007 3677 1062 3731 illis
1078 3675 1176 3732 tribuit
1188 3679 1281 3751 poeni·

83 3775 244 3834 tentiam.''⁵

120 3879 169 3931 28.
191 3872 280 3949 Hesp.
303 3873 475 3930 Paenitentia
486 3892 502 3929 a
513 3871 639 3931 Domino
652 3871 819 3946 quibusdam
830 3869 930 3928 tributa
940 3871 1051 3937 dicitur,
1062 3870 1158 3927 habita
1170 3871 1284 3928 ratione

267 4054 272 4097 l
311 4054 436 4114 Priestley‚
449 4052 550 4115 History
562 4053 591 4100 of
605 4051 729 4100 Christian
742 4050 849 4109 Churclr,
863 4068 905 4115 per
916 4053 957 4101 xii.
968 4053 1031 4101 Secu
1043 4051 1077 4098 ix.

266 4142 281 4184 2
314 4137 342 4184 ln
355 4153 392 4198 ep.
405 4136 435 4183 ad
447 4137 512 4196 Aug.
525 4153 549 4184 n.
562 4139 585 4193 3,
597 4150 650 4197 quae
662 4150 729 4182 nunc
741 4135 892 4197 praemittitur
904 4137 944 4185 lib.
956 4137 985 4184 de
997 4135 1072 4200 praed.

309 4221 338 4270 L.
347 4222 378 4268 iv.
390 4228 474 4268 contra
486 4225 501 4266 2
511 4236 548 4282 ep.
560 4220 642 4279 Peleg.
654 4219 685 4266 ad
696 4218 775 4267 Bonif
789 4235 810 4268 c.
822 4220 870 4268 viii.

311 4306 364 4356 Lib.
376 4305 406 4354 de
417 4304 490 4368 praed.
502 4304 547 4350 SS.
560 4320 580 4351 c.
593 4302 643 4350 xiv.
654 4319 678 4351 n.
691 4307 731 4352 at.

311 4392 403 4441 Pastor.
415 4387 492 4436 Simil.
504 4387 551 4435 viii.
564 4384 622 4446 §ni
635 4402 660 4435 n.
672 4387 697 4435 4.
