<?xml version="1.0" encoding="UTF-8"?>
<!DOCTYPE html PUBLIC "-//W3C//DTD XHTML 1.0 Transitional//EN"
    "http://www.w3.org/TR/xhtml1/DTD/xhtml1-transitional.dtd">
<html xmlns="http://www.w3.org/1999/xhtml" xml:lang="en" lang="en">
 <head>
  <title>
</title>
<meta http-equiv="Content-Type" content="text/html;charset=utf-8" />
  <meta name='ocr-system' content='tesseract 3.04.00' />
  <meta name='ocr-capabilities' content='ocr_page ocr_carea ocr_par ocr_line ocrx_word'/>
</head>
<body>
  <div class='ocr_page' id='page_1' title='image "./theologidogmati01kenrgoog_0015.png"; bbox 0 0 2744 5024; ppageno 0'>
   <div class='ocr_carea' id='block_1_1' title="bbox 613 266 760 328">
    <p class='ocr_par' dir='ltr' id='par_1_1' title="bbox 613 266 760 328">
     <span class='ocr_line' id='line_1_1' title="bbox 613 266 760 328; baseline -0.014 0"><span class='ocrx_word' id='word_1_1' title='bbox 613 266 760 328; x_wconf 81' lang='lat' dir='ltr'><strong>INDEX.</strong></span> 
     </span>
    </p>
   </div>
   <div class='ocr_carea' id='block_1_2' title="bbox 532 441 889 681">
    <p class='ocr_par' dir='ltr' id='par_1_2' title="bbox 532 441 889 681">
     <span class='ocr_line' id='line_1_2' title="bbox 535 441 848 502; baseline -0.006 0"><span class='ocrx_word' id='word_1_2' title='bbox 535 442 788 502; x_wconf 78' lang='lat' dir='ltr'>TRACTATUS</span> <span class='ocrx_word' id='word_1_3' title='bbox 809 441 848 500; x_wconf 92' lang='lat' dir='ltr'>V.</span> 
     </span>
     <span class='ocr_line' id='line_1_3' title="bbox 532 597 889 681; baseline -0.003 -33"><span class='ocrx_word' id='word_1_4' title='bbox 532 597 579 648; x_wconf 81' lang='grc'><strong>1111</strong></span> <span class='ocrx_word' id='word_1_5' title='bbox 599 598 751 650; x_wconf 80' lang='lat' dir='ltr'>CHRlS&#39;l&#39;O</span> <span class='ocrx_word' id='word_1_6' title='bbox 769 597 852 648; x_wconf 76' lang='lat' dir='ltr'>Dua.</span> <span class='ocrx_word' id='word_1_7' title='bbox 883 673 889 681; x_wconf 26' lang='grc' dir='ltr'>ι</span> 
     </span>
    </p>
   </div>
   <div class='ocr_carea' id='block_1_3' title="bbox 94 738 1295 1311">
    <p class='ocr_par' dir='ltr' id='par_1_3' title="bbox 94 738 1295 1311">
     <span class='ocr_line' id='line_1_4' title="bbox 94 738 1293 811; baseline -0.018 -13"><span class='ocrx_word' id='word_1_8' title='bbox 94 747 256 800; x_wconf 80' lang='lat' dir='ltr'>Prenotsnda</span> <span class='ocrx_word' id='word_1_9' title='bbox 291 769 848 786; x_wconf 88' lang='lat'><strong>······</strong></span> <span class='ocrx_word' id='word_1_10' title='bbox 933 796 935 811; x_wconf 34' lang='grc' dir='ltr'>ι</span> <span class='ocrx_word' id='word_1_11' title='bbox 947 771 957 783; x_wconf 94' lang='grc'>.</span> <span class='ocrx_word' id='word_1_12' title='bbox 1055 767 1066 781; x_wconf 94' lang='grc'>.</span> <span class='ocrx_word' id='word_1_13' title='bbox 1164 764 1174 777; x_wconf 94' lang='grc'><strong>.</strong></span> <span class='ocrx_word' id='word_1_14' title='bbox 1258 738 1293 784; x_wconf 73' lang='lat' dir='ltr'>tr</span> 
     </span>
     <span class='ocr_line' id='line_1_5' title="bbox 95 823 1291 885; baseline -0.012 -3"><span class='ocrx_word' id='word_1_15' title='bbox 95 832 223 885; x_wconf 81' lang='lat' dir='ltr'>Heraeum</span> <span class='ocrx_word' id='word_1_16' title='bbox 234 832 265 881; x_wconf 85' lang='lat' dir='ltr'>ds</span> <span class='ocrx_word' id='word_1_17' title='bbox 277 825 466 882; x_wconf 81' lang='lat' dir='ltr'>Christobrevis</span> <span class='ocrx_word' id='word_1_18' title='bbox 477 826 585 878; x_wconf 84' lang='lat' dir='ltr'>recensio</span> <span class='ocrx_word' id='word_1_19' title='bbox 619 849 1176 865; x_wconf 91' lang='lat'><strong>······</strong></span> <span class='ocrx_word' id='word_1_20' title='bbox 1257 823 1291 869; x_wconf 79' lang='grc'>71</span> 
     </span>
     <span class='ocr_line' id='line_1_6' title="bbox 229 907 1292 974; baseline -0.013 -7"><span class='ocrx_word' id='word_1_21' title='bbox 229 916 258 966; x_wconf 92' lang='lat' dir='ltr'>C.</span> <span class='ocrx_word' id='word_1_22' title='bbox 276 917 296 966; x_wconf 83' lang='lat'>1.</span> <span class='ocrx_word' id='word_1_23' title='bbox 330 915 369 966; x_wconf 90' lang='lat' dir='ltr'>De</span> <span class='ocrx_word' id='word_1_24' title='bbox 378 921 467 964; x_wconf 82' lang='lat' dir='ltr'>eterna</span> <span class='ocrx_word' id='word_1_25' title='bbox 477 912 553 963; x_wconf 86' lang='lat' dir='ltr'>Verbi</span> <span class='ocrx_word' id='word_1_26' title='bbox 563 912 718 974; x_wconf 70' lang='lat' dir='ltr'>generatione</span> <span class='ocrx_word' id='word_1_27' title='bbox 838 940 848 952; x_wconf 92' lang='lat'>-</span> <span class='ocrx_word' id='word_1_28' title='bbox 947 937 957 949; x_wconf 94' lang='lat'><em>·</em></span> <span class='ocrx_word' id='word_1_29' title='bbox 1055 936 1068 950; x_wconf 84' lang='lat'><em>-</em></span> <span class='ocrx_word' id='word_1_30' title='bbox 1157 907 1174 946; x_wconf 91' lang='lat'>&#39;·</span> <span class='ocrx_word' id='word_1_31' title='bbox 1259 909 1292 954; x_wconf 83' lang='lat'>79</span> 
     </span>
     <span class='ocr_line' id='line_1_7' title="bbox 360 995 1226 1069; baseline -0.009 -19"><span class='ocrx_word' id='word_1_32' title='bbox 360 998 433 1065; x_wconf 89' lang='lat' dir='ltr'>Prop.</span> <span class='ocrx_word' id='word_1_33' title='bbox 449 997 558 1048; x_wconf 83' lang='lat' dir='ltr'>Verbum</span> <span class='ocrx_word' id='word_1_34' title='bbox 569 996 687 1058; x_wconf 80' lang='lat' dir='ltr'>divinum,</span> <span class='ocrx_word' id='word_1_35' title='bbox 699 1004 721 1050; x_wconf 88' lang='lat' dir='ltr'>‘o</span> <span class='ocrx_word' id='word_1_36' title='bbox 728 1013 800 1069; x_wconf 62' lang='lat' dir='ltr'>rayca</span> <span class='ocrx_word' id='word_1_37' title='bbox 808 997 873 1062; x_wconf 85' lang='lat' dir='ltr'>apud</span> <span class='ocrx_word' id='word_1_38' title='bbox 886 997 966 1048; x_wconf 89' lang='lat' dir='ltr'>Deum</span> <span class='ocrx_word' id='word_1_39' title='bbox 978 1011 1071 1060; x_wconf 89' lang='lat' dir='ltr'>semper</span> <span class='ocrx_word' id='word_1_40' title='bbox 1079 995 1132 1053; x_wconf 83' lang='lat' dir='ltr'>fuit,</span> <span class='ocrx_word' id='word_1_41' title='bbox 1143 1001 1226 1058; x_wconf 87' lang='lat' dir='ltr'>estque</span> 
     </span>
     <span class='ocr_line' id='line_1_8' title="bbox 407 1080 1259 1144; baseline -0.005 -13"><span class='ocrx_word' id='word_1_42' title='bbox 407 1117 409 1120; x_wconf 91' lang='lat'>-</span> <span class='ocrx_word' id='word_1_43' title='bbox 459 1081 538 1132; x_wconf 92' lang='lat' dir='ltr'>Filius</span> <span class='ocrx_word' id='word_1_44' title='bbox 548 1098 564 1132; x_wconf 88' lang='lat' dir='ltr'>a</span> <span class='ocrx_word' id='word_1_45' title='bbox 574 1082 646 1132; x_wconf 88' lang='lat' dir='ltr'>Patre</span> <span class='ocrx_word' id='word_1_46' title='bbox 657 1083 763 1144; x_wconf 75' lang='lat' dir='ltr'>genitus,</span> <span class='ocrx_word' id='word_1_47' title='bbox 772 1081 889 1133; x_wconf 80' lang='lat' dir='ltr'>ineffabili</span> <span class='ocrx_word' id='word_1_48' title='bbox 900 1082 1000 1140; x_wconf 88' lang='lat' dir='ltr'>ratione,</span> <span class='ocrx_word' id='word_1_49' title='bbox 1012 1096 1042 1130; x_wconf 85' lang='lat' dir='ltr'>ex</span> <span class='ocrx_word' id='word_1_50' title='bbox 1054 1080 1145 1131; x_wconf 78' lang='lat' dir='ltr'>divine</span> <span class='ocrx_word' id='word_1_51' title='bbox 1155 1085 1227 1128; x_wconf 85' lang='lat' dir='ltr'>natu·</span> <span class='ocrx_word' id='word_1_52' title='bbox 1256 1112 1259 1119; x_wconf 79' lang='lat'>,</span> 
     </span>
     <span class='ocr_line' id='line_1_9' title="bbox 459 1163 1295 1232; baseline -0.01 -16"><span class='ocrx_word' id='word_1_53' title='bbox 459 1182 491 1216; x_wconf 84' lang='lat' dir='ltr'>ra</span> <span class='ocrx_word' id='word_1_54' title='bbox 502 1166 644 1216; x_wconf 72' lang='lat' dir='ltr'>neoesntate</span> <span class='ocrx_word' id='word_1_55' title='bbox 657 1173 681 1216; x_wconf 89' lang='lat' dir='ltr'>et</span> <span class='ocrx_word' id='word_1_56' title='bbox 692 1168 803 1228; x_wconf 75' lang='lat' dir='ltr'>essentia,</span> <span class='ocrx_word' id='word_1_57' title='bbox 815 1173 840 1216; x_wconf 90' lang='lat' dir='ltr'>et</span> <span class='ocrx_word' id='word_1_58' title='bbox 850 1166 951 1232; x_wconf 79' lang='lat' dir='ltr'><strong>proinde</strong></span> <span class='ocrx_word' id='word_1_59' title='bbox 959 1181 1031 1215; x_wconf 86' lang='lat' dir='ltr'>verus</span> <span class='ocrx_word' id='word_1_60' title='bbox 1041 1164 1111 1214; x_wconf 89' lang='lat' dir='ltr'>Deus</span> <span class='ocrx_word' id='word_1_61' title='bbox 1166 1188 1176 1200; x_wconf 94' lang='lat'><em>·</em></span> <span class='ocrx_word' id='word_1_62' title='bbox 1260 1163 1295 1209; x_wconf 85' lang='grc'>79</span> 
     </span>
     <span class='ocr_line' id='line_1_10' title="bbox 230 1246 1295 1311; baseline -0.009 -10"><span class='ocrx_word' id='word_1_63' title='bbox 230 1253 260 1301; x_wconf 85' lang='lat' dir='ltr'>C.</span> <span class='ocrx_word' id='word_1_64' title='bbox 277 1252 309 1303; x_wconf 91' lang='grc'>11.</span> <span class='ocrx_word' id='word_1_65' title='bbox 332 1252 370 1303; x_wconf 92' lang='lat' dir='ltr'>De</span> <span class='ocrx_word' id='word_1_66' title='bbox 381 1251 442 1302; x_wconf 89' lang='lat' dir='ltr'>Jesu</span> <span class='ocrx_word' id='word_1_67' title='bbox 454 1248 546 1300; x_wconf 79' lang='lat' dir='ltr'>Christi</span> <span class='ocrx_word' id='word_1_68' title='bbox 558 1250 683 1300; x_wconf 78' lang='lat' dir='ltr'>divinitate</span> <span class='ocrx_word' id='word_1_69' title='bbox 728 1277 738 1289; x_wconf 93' lang='lat'><em>·</em></span> <span class='ocrx_word' id='word_1_70' title='bbox 765 1305 768 1311; x_wconf 31' lang='lat'><strong><em>¹</em></strong></span> <span class='ocrx_word' id='word_1_71' title='bbox 839 1277 849 1288; x_wconf 91' lang='lat'><strong>·</strong></span> <span class='ocrx_word' id='word_1_72' title='bbox 948 1276 958 1287; x_wconf 92' lang='lat'><strong>·</strong></span> <span class='ocrx_word' id='word_1_73' title='bbox 1056 1275 1067 1286; x_wconf 92' lang='lat'><strong>·</strong></span> <span class='ocrx_word' id='word_1_74' title='bbox 1166 1272 1176 1283; x_wconf 95' lang='lat'><em>-</em></span> <span class='ocrx_word' id='word_1_75' title='bbox 1261 1246 1295 1292; x_wconf 89' lang='grc'>90</span> 
     </span>
    </p>
   </div>
   <div class='ocr_carea' id='block_1_4' title="bbox 361 1322 1295 1453">
    <p class='ocr_par' dir='ltr' id='par_1_4' title="bbox 361 1322 1295 1453">
     <span class='ocr_line' id='line_1_11' title="bbox 361 1322 1230 1402; baseline -0.009 -15"><span class='ocrx_word' id='word_1_76' title='bbox 361 1336 434 1402; x_wconf 84' lang='lat' dir='ltr'>Prop.</span> <span class='ocrx_word' id='word_1_77' title='bbox 467 1336 540 1385; x_wconf 86' lang='lat' dir='ltr'>Jesus</span> <span class='ocrx_word' id='word_1_78' title='bbox 556 1334 707 1395; x_wconf 78' lang='lat' dir='ltr'>Nazaraeos,</span> <span class='ocrx_word' id='word_1_79' title='bbox 719 1336 762 1399; x_wconf 87' lang='lat' dir='ltr'>qui</span> <span class='ocrx_word' id='word_1_80' title='bbox 778 1336 866 1386; x_wconf 89' lang='lat' dir='ltr'>dicitur</span> <span class='ocrx_word' id='word_1_81' title='bbox 881 1335 1001 1394; x_wconf 89' lang='lat' dir='ltr'>Christus,</span> <span class='ocrx_word' id='word_1_82' title='bbox 1013 1322 1083 1383; x_wconf 71' lang='lat' dir='ltr'>usius</span> <span class='ocrx_word' id='word_1_83' title='bbox 1100 1341 1137 1382; x_wconf 87' lang='lat' dir='ltr'>est</span> <span class='ocrx_word' id='word_1_84' title='bbox 1154 1331 1230 1391; x_wconf 89' lang='lat' dir='ltr'>Deus,</span> 
     </span>
     <span class='ocr_line' id='line_1_12' title="bbox 462 1398 1295 1453; baseline -0.011 -1"><span class='ocrx_word' id='word_1_85' title='bbox 462 1402 529 1452; x_wconf 88' lang='lat' dir='ltr'>Patri</span> <span class='ocrx_word' id='word_1_86' title='bbox 539 1403 751 1453; x_wconf 87' lang='lat' dir='ltr'>consubstantialis</span> <span class='ocrx_word' id='word_1_87' title='bbox 840 1429 850 1443; x_wconf 90' lang='lat'><em>-</em></span> <span class='ocrx_word' id='word_1_88' title='bbox 949 1428 959 1441; x_wconf 91' lang='lat'><em>-</em></span> <span class='ocrx_word' id='word_1_89' title='bbox 1059 1433 1067 1445; x_wconf 89' lang='lat'>.</span> <span class='ocrx_word' id='word_1_90' title='bbox 1167 1423 1177 1434; x_wconf 96' lang='lat'>-</span> <span class='ocrx_word' id='word_1_91' title='bbox 1262 1398 1295 1444; x_wconf 89' lang='grc'>92</span> 
     </span>
    </p>
   </div>
   <div class='ocr_carea' id='block_1_5' title="bbox 363 1470 1369 2828">
    <p class='ocr_par' dir='ltr' id='par_1_5' title="bbox 363 1470 1369 2828">
     <span class='ocr_line' id='line_1_13' title="bbox 364 1470 1288 1552; baseline -0.01 -12"><span class='ocrx_word' id='word_1_92' title='bbox 364 1490 490 1540; x_wconf 78' lang='lat' dir='ltr'><strong>Probatur.</strong></span> <span class='ocrx_word' id='word_1_93' title='bbox 501 1487 520 1537; x_wconf 92' lang='lat' dir='ltr'>l.</span> <span class='ocrx_word' id='word_1_94' title='bbox 537 1503 570 1537; x_wconf 88' lang='lat' dir='ltr'>ex</span> <span class='ocrx_word' id='word_1_95' title='bbox 586 1487 724 1551; x_wconf 85' lang='lat' dir='ltr'>Scripturis,</span> <span class='ocrx_word' id='word_1_96' title='bbox 736 1503 789 1552; x_wconf 82' lang='lat' dir='ltr'>que</span> <span class='ocrx_word' id='word_1_97' title='bbox 800 1487 848 1537; x_wconf 90' lang='lat' dir='ltr'>Dei</span> <span class='ocrx_word' id='word_1_98' title='bbox 865 1503 956 1537; x_wconf 91' lang='lat' dir='ltr'>nomen</span> <span class='ocrx_word' id='word_1_99' title='bbox 972 1486 995 1536; x_wconf 91' lang='lat' dir='ltr'>ei</span> <span class='ocrx_word' id='word_1_100' title='bbox 1011 1470 1102 1551; x_wconf 74' lang='lat' dir='ltr'>passim</span> <span class='ocrx_word' id='word_1_101' title='bbox 1113 1484 1229 1542; x_wconf 90' lang='lat' dir='ltr'>tribuunt,</span> <span class='ocrx_word' id='word_1_102' title='bbox 1286 1491 1288 1494; x_wconf 77' lang='grc'>’</span> 
     </span>
     <span class='ocr_line' id='line_1_14' title="bbox 464 1566 1297 1624; baseline -0.01 -4"><span class='ocrx_word' id='word_1_103' title='bbox 464 1571 533 1621; x_wconf 92' lang='lat' dir='ltr'>nullo</span> <span class='ocrx_word' id='word_1_104' title='bbox 544 1570 601 1620; x_wconf 88' lang='lat' dir='ltr'>dato</span> <span class='ocrx_word' id='word_1_105' title='bbox 611 1571 701 1622; x_wconf 89' lang='lat' dir='ltr'>indicio</span> <span class='ocrx_word' id='word_1_106' title='bbox 712 1572 771 1624; x_wconf 83' lang='lat' dir='ltr'>illud</span> <span class='ocrx_word' id='word_1_107' title='bbox 784 1572 807 1621; x_wconf 91' lang='lat' dir='ltr'>ei</span> <span class='ocrx_word' id='word_1_108' title='bbox 818 1571 883 1621; x_wconf 88' lang='lat' dir='ltr'>haud</span> <span class='ocrx_word' id='word_1_109' title='bbox 896 1572 976 1620; x_wconf 88' lang='lat' dir='ltr'>stricte</span> <span class='ocrx_word' id='word_1_110' title='bbox 986 1569 1115 1620; x_wconf 86' lang='lat' dir='ltr'>convenire</span> <span class='ocrx_word' id='word_1_111' title='bbox 1265 1566 1297 1613; x_wconf 80' lang='lat'>92</span> 
     </span>
     <span class='ocr_line' id='line_1_15' title="bbox 364 1654 1231 1721; baseline -0.006 -15"><span class='ocrx_word' id='word_1_112' title='bbox 364 1657 484 1708; x_wconf 82' lang='lat' dir='ltr'>Probatur</span> <span class='ocrx_word' id='word_1_113' title='bbox 494 1656 525 1706; x_wconf 90' lang='grc'>11.</span> <span class='ocrx_word' id='word_1_114' title='bbox 542 1672 573 1705; x_wconf 85' lang='lat' dir='ltr'>ex</span> <span class='ocrx_word' id='word_1_115' title='bbox 590 1656 731 1708; x_wconf 78' lang='lat' dir='ltr'>iudeorum</span> <span class='ocrx_word' id='word_1_116' title='bbox 743 1674 825 1718; x_wconf 88' lang='lat' dir='ltr'>sensu,</span> <span class='ocrx_word' id='word_1_117' title='bbox 836 1673 909 1721; x_wconf 91' lang='lat' dir='ltr'>quem</span> <span class='ocrx_word' id='word_1_118' title='bbox 921 1654 1043 1716; x_wconf 87' lang='lat' dir='ltr'>Christus,</span> <span class='ocrx_word' id='word_1_119' title='bbox 1061 1655 1121 1719; x_wconf 88' lang='lat' dir='ltr'>quin</span> <span class='ocrx_word' id='word_1_120' title='bbox 1138 1668 1231 1703; x_wconf 83' lang='lat' dir='ltr'>eorrex-</span> 
     </span>
     <span class='ocr_line' id='line_1_16' title="bbox 461 1740 1299 1807; baseline -0.008 -14"><span class='ocrx_word' id='word_1_121' title='bbox 461 1742 760 1807; x_wconf 75' lang='lat' dir='ltr'>eritploneoonfirmavit</span> <span class='ocrx_word' id='word_1_122' title='bbox 848 1773 857 1785; x_wconf 90' lang='lat'>-</span> <span class='ocrx_word' id='word_1_123' title='bbox 955 1767 965 1778; x_wconf 92' lang='lat'>·</span> <span class='ocrx_word' id='word_1_124' title='bbox 1064 1767 1074 1778; x_wconf 95' lang='lat'>-</span> <span class='ocrx_word' id='word_1_125' title='bbox 1171 1765 1181 1778; x_wconf 94' lang='lat'><strong>·</strong></span> <span class='ocrx_word' id='word_1_126' title='bbox 1265 1740 1299 1787; x_wconf 77' lang='grc'>911</span> 
     </span>
     <span class='ocr_line' id='line_1_17' title="bbox 363 1819 1369 1891; baseline -0.006 -14"><span class='ocrx_word' id='word_1_127' title='bbox 363 1826 482 1877; x_wconf 86' lang='lat' dir='ltr'>Probatur</span> <span class='ocrx_word' id='word_1_128' title='bbox 493 1819 540 1877; x_wconf 89' lang='grc'><strong>111.</strong></span> <span class='ocrx_word' id='word_1_129' title='bbox 557 1843 588 1877; x_wconf 84' lang='lat' dir='ltr'>ex</span> <span class='ocrx_word' id='word_1_130' title='bbox 600 1826 649 1877; x_wconf 87' lang='lat' dir='ltr'>Dei</span> <span class='ocrx_word' id='word_1_131' title='bbox 660 1820 739 1879; x_wconf 85' lang='lat' dir='ltr'>Patris</span> <span class='ocrx_word' id='word_1_132' title='bbox 750 1826 888 1878; x_wconf 90' lang='lat' dir='ltr'>testimonio</span> <span class='ocrx_word' id='word_1_133' title='bbox 899 1827 990 1891; x_wconf 90' lang='lat' dir='ltr'>pluries</span> <span class='ocrx_word' id='word_1_134' title='bbox 1001 1827 1057 1875; x_wconf 89' lang='lat' dir='ltr'>dato</span> <span class='ocrx_word' id='word_1_135' title='bbox 1171 1850 1181 1862; x_wconf 93' lang='lat'><em>·</em></span> <span class='ocrx_word' id='word_1_136' title='bbox 1265 1827 1299 1872; x_wconf 85' lang='lat'>98</span> <span class='ocrx_word' id='word_1_137' title='bbox 1366 1828 1369 1837; x_wconf 88' lang='lat'>&#39;</span> 
     </span>
     <span class='ocr_line' id='line_1_18' title="bbox 363 1908 1251 1987; baseline -0.005 -24"><span class='ocrx_word' id='word_1_138' title='bbox 363 1913 482 1964; x_wconf 77' lang='lat' dir='ltr'>Probatur</span> <span class='ocrx_word' id='word_1_139' title='bbox 493 1912 540 1963; x_wconf 89' lang='lat' dir='ltr'>IV.</span> <span class='ocrx_word' id='word_1_140' title='bbox 557 1908 744 1987; x_wconf 62' lang='lat' dir='ltr'>ex&#39;testimoniis</span> <span class='ocrx_word' id='word_1_141' title='bbox 756 1931 809 1978; x_wconf 83' lang='lat' dir='ltr'>que</span> <span class='ocrx_word' id='word_1_142' title='bbox 821 1914 930 1964; x_wconf 89' lang='lat' dir='ltr'>divinam</span> <span class='ocrx_word' id='word_1_143' title='bbox 940 1921 1050 1962; x_wconf 86' lang='lat' dir='ltr'>naturam</span> <span class='ocrx_word' id='word_1_144' title='bbox 1062 1910 1161 1960; x_wconf 90' lang='lat' dir='ltr'>Christo</span> <span class='ocrx_word' id='word_1_145' title='bbox 1172 1910 1234 1960; x_wconf 84' lang='lat' dir='ltr'>lesu</span> <span class='ocrx_word' id='word_1_146' title='bbox 1247 1953 1251 1958; x_wconf 95' lang='grc'><em>.</em></span> 
     </span>
     <span class='ocr_line' id='line_1_19' title="bbox 462 1998 1299 2063; baseline -0.008 -13"><span class='ocrx_word' id='word_1_147' title='bbox 462 2001 592 2063; x_wconf 72' lang='lat' dir='ltr'>adsignant</span> <span class='ocrx_word' id='word_1_148' title='bbox 632 2023 1182 2043; x_wconf 92' lang='lat'>······</span> <span class='ocrx_word' id='word_1_149' title='bbox 1266 1998 1299 2044; x_wconf 85' lang='grc'>98</span> 
     </span>
     <span class='ocr_line' id='line_1_20' title="bbox 365 2064 1234 2147; baseline -0.007 -13"><span class='ocrx_word' id='word_1_150' title='bbox 365 2085 483 2135; x_wconf 86' lang='lat' dir='ltr'>Probatur</span> <span class='ocrx_word' id='word_1_151' title='bbox 494 2083 526 2131; x_wconf 90' lang='lat' dir='ltr'>V.</span> <span class='ocrx_word' id='word_1_152' title='bbox 543 2099 575 2132; x_wconf 89' lang='lat' dir='ltr'>ex</span> <span class='ocrx_word' id='word_1_153' title='bbox 585 2082 730 2132; x_wconf 76' lang='lat' dir='ltr'>testimoniis</span> <span class='ocrx_word' id='word_1_154' title='bbox 741 2098 794 2146; x_wconf 80' lang='lat' dir='ltr'>quae</span> <span class='ocrx_word' id='word_1_155' title='bbox 808 2082 854 2132; x_wconf 88' lang='lat' dir='ltr'>Dei</span> <span class='ocrx_word' id='word_1_156' title='bbox 865 2082 1022 2147; x_wconf 82' lang='lat' dir='ltr'>perfectiones</span> <span class='ocrx_word' id='word_1_157' title='bbox 1033 2064 1058 2130; x_wconf 81' lang='lat' dir='ltr'>et</span> <span class='ocrx_word' id='word_1_158' title='bbox 1069 2096 1142 2145; x_wconf 86' lang='lat' dir='ltr'>opera</span> <span class='ocrx_word' id='word_1_159' title='bbox 1151 2081 1234 2130; x_wconf 90' lang='lat' dir='ltr'>divina</span> 
     </span>
     <span class='ocr_line' id='line_1_21' title="bbox 464 2167 1301 2221; baseline -0.011 0"><span class='ocrx_word' id='word_1_160' title='bbox 464 2169 525 2221; x_wconf 83' lang='lat' dir='ltr'>Jeau</span> <span class='ocrx_word' id='word_1_161' title='bbox 537 2167 636 2219; x_wconf 87' lang='lat' dir='ltr'>Christo</span> <span class='ocrx_word' id='word_1_162' title='bbox 646 2169 756 2218; x_wconf 88' lang='lat' dir='ltr'>tribuunt</span> <span class='ocrx_word' id='word_1_163' title='bbox 846 2194 856 2206; x_wconf 95' lang='lat'><em>·</em></span> <span class='ocrx_word' id='word_1_164' title='bbox 954 2194 964 2205; x_wconf 94' lang='lat'><strong>·</strong></span> <span class='ocrx_word' id='word_1_165' title='bbox 1063 2193 1073 2205; x_wconf 91' lang='lat'><strong>·</strong></span> <span class='ocrx_word' id='word_1_166' title='bbox 1172 2191 1182 2203; x_wconf 92' lang='lat'>-</span> <span class='ocrx_word' id='word_1_167' title='bbox 1267 2167 1301 2213; x_wconf 88' lang='grc'>99</span> 
     </span>
     <span class='ocr_line' id='line_1_22' title="bbox 366 2239 1235 2317; baseline -0.007 -13"><span class='ocrx_word' id='word_1_168' title='bbox 366 2254 486 2304; x_wconf 79' lang='lat' dir='ltr'>Probatur</span> <span class='ocrx_word' id='word_1_169' title='bbox 496 2253 541 2303; x_wconf 85' lang='lat' dir='ltr'>Vl.</span> <span class='ocrx_word' id='word_1_170' title='bbox 558 2268 590 2302; x_wconf 89' lang='lat' dir='ltr'>ex</span> <span class='ocrx_word' id='word_1_171' title='bbox 601 2253 667 2302; x_wconf 90' lang='lat' dir='ltr'>Petri</span> <span class='ocrx_word' id='word_1_172' title='bbox 676 2259 700 2303; x_wconf 87' lang='lat' dir='ltr'>et</span> <span class='ocrx_word' id='word_1_173' title='bbox 709 2239 818 2302; x_wconf 76' lang='lat' dir='ltr'>fidelium</span> <span class='ocrx_word' id='word_1_174' title='bbox 829 2252 939 2302; x_wconf 89' lang='lat' dir='ltr'>omnium</span> <span class='ocrx_word' id='word_1_175' title='bbox 948 2252 1096 2317; x_wconf 82' lang='lat' dir='ltr'>professione</span> <span class='ocrx_word' id='word_1_176' title='bbox 1108 2249 1235 2300; x_wconf 87' lang='lat' dir='ltr'>Christum</span> 
     </span>
     <span class='ocr_line' id='line_1_23' title="bbox 463 2325 1235 2400; baseline -0.008 -11"><span class='ocrx_word' id='word_1_177' title='bbox 463 2354 516 2389; x_wconf 85' lang='lat' dir='ltr'>esse</span> <span class='ocrx_word' id='word_1_178' title='bbox 526 2338 619 2389; x_wconf 84' lang='lat' dir='ltr'>Filium</span> <span class='ocrx_word' id='word_1_179' title='bbox 636 2325 691 2398; x_wconf 86' lang='lat' dir='ltr'>Dei,</span> <span class='ocrx_word' id='word_1_180' title='bbox 702 2353 755 2400; x_wconf 75' lang='lat' dir='ltr'>quae</span> <span class='ocrx_word' id='word_1_181' title='bbox 768 2337 799 2386; x_wconf 91' lang='lat' dir='ltr'>de</span> <span class='ocrx_word' id='word_1_182' title='bbox 815 2337 866 2386; x_wconf 88' lang='lat' dir='ltr'>filio</span> <span class='ocrx_word' id='word_1_183' title='bbox 878 2337 982 2387; x_wconf 86' lang='lat' dir='ltr'>naturali</span> <span class='ocrx_word' id='word_1_184' title='bbox 994 2345 1018 2388; x_wconf 90' lang='lat' dir='ltr'>et</span> <span class='ocrx_word' id='word_1_185' title='bbox 1034 2335 1235 2387; x_wconf 77' lang='lat' dir='ltr'>consubstantiali</span> 
     </span>
     <span class='ocr_line' id='line_1_24' title="bbox 459 2421 1299 2483; baseline -0.008 -11"><span class='ocrx_word' id='word_1_186' title='bbox 459 2422 595 2472; x_wconf 89' lang='lat' dir='ltr'>necessario</span> <span class='ocrx_word' id='word_1_187' title='bbox 605 2428 643 2471; x_wconf 89' lang='lat' dir='ltr'>est</span> <span class='ocrx_word' id='word_1_188' title='bbox 654 2422 811 2483; x_wconf 84' lang='lat' dir='ltr'>intelligenda</span> <span class='ocrx_word' id='word_1_189' title='bbox 852 2448 863 2460; x_wconf 95' lang='lat'>·</span> <span class='ocrx_word' id='word_1_190' title='bbox 959 2448 969 2460; x_wconf 93' lang='lat'><em>-</em></span> <span class='ocrx_word' id='word_1_191' title='bbox 1067 2447 1078 2461; x_wconf 87' lang='lat'><em>-</em></span> <span class='ocrx_word' id='word_1_192' title='bbox 1176 2447 1186 2457; x_wconf 93' lang='lat'><em>-</em></span> <span class='ocrx_word' id='word_1_193' title='bbox 1254 2421 1299 2467; x_wconf 91' lang='grc'>101</span> 
     </span>
     <span class='ocr_line' id='line_1_25' title="bbox 369 2502 1237 2571; baseline -0.003 -14"><span class='ocrx_word' id='word_1_194' title='bbox 369 2508 487 2559; x_wconf 83' lang='lat' dir='ltr'>Probatur</span> <span class='ocrx_word' id='word_1_195' title='bbox 504 2508 560 2557; x_wconf 88' lang='lat' dir='ltr'>Vll.</span> <span class='ocrx_word' id='word_1_196' title='bbox 585 2508 729 2558; x_wconf 83' lang='lat' dir='ltr'>testimoniis</span> <span class='ocrx_word' id='word_1_197' title='bbox 751 2524 805 2571; x_wconf 79' lang='lat' dir='ltr'>que</span> <span class='ocrx_word' id='word_1_198' title='bbox 824 2509 910 2558; x_wconf 80' lang='lat' dir='ltr'>lesum</span> <span class='ocrx_word' id='word_1_199' title='bbox 933 2507 1060 2558; x_wconf 85' lang='lat' dir='ltr'>Christum</span> <span class='ocrx_word' id='word_1_200' title='bbox 1088 2502 1237 2557; x_wconf 84' lang='lat' dir='ltr'>adorandum</span> 
     </span>
     <span class='ocr_line' id='line_1_26' title="bbox 462 2580 1304 2641; baseline -0.005 -1"><span class='ocrx_word' id='word_1_201' title='bbox 462 2580 638 2641; x_wconf 85' lang='lat' dir='ltr'>¹commendant</span> <span class='ocrx_word' id='word_1_202' title='bbox 997 2589 1000 2593; x_wconf 80' lang='grc'><strong>’</strong></span> <span class='ocrx_word' id='word_1_203' title='bbox 1255 2591 1304 2637; x_wconf 89' lang='grc'>102</span> 
     </span>
     <span class='ocr_line' id='line_1_27' title="bbox 368 2673 1236 2745; baseline -0.005 -20"><span class='ocrx_word' id='word_1_204' title='bbox 368 2674 564 2745; x_wconf 58' lang='grc' dir='ltr'><strong>ΡτοψυτνΙΙΙ.</strong></span> <span class='ocrx_word' id='word_1_205' title='bbox 581 2675 704 2724; x_wconf 85' lang='lat' dir='ltr'>miraculis</span> <span class='ocrx_word' id='word_1_206' title='bbox 720 2675 781 2724; x_wconf 83' lang='lat' dir='ltr'>lesu</span> <span class='ocrx_word' id='word_1_207' title='bbox 799 2673 968 2739; x_wconf 67' lang='lat' dir='ltr'>Christique</span> <span class='ocrx_word' id='word_1_208' title='bbox 991 2683 1016 2725; x_wconf 92' lang='lat' dir='ltr'>et</span> <span class='ocrx_word' id='word_1_209' title='bbox 1032 2675 1195 2734; x_wconf 89' lang='lat' dir='ltr'>multitudine,</span> <span class='ocrx_word' id='word_1_210' title='bbox 1212 2682 1236 2722; x_wconf 87' lang='lat' dir='ltr'>et</span> 
     </span>
     <span class='ocr_line' id='line_1_28' title="bbox 437 2746 1239 2828; baseline -0.001 -18"><span class='ocrx_word' id='word_1_211' title='bbox 437 2746 445 2763; x_wconf 59' lang='lat'><em>‘</em></span> <span class='ocrx_word' id='word_1_212' title='bbox 468 2762 603 2826; x_wconf 79' lang='lat' dir='ltr'>splendore,</span> <span class='ocrx_word' id='word_1_213' title='bbox 615 2770 639 2811; x_wconf 92' lang='lat' dir='ltr'>et</span> <span class='ocrx_word' id='word_1_214' title='bbox 650 2762 743 2811; x_wconf 87' lang='lat' dir='ltr'>ratione</span> <span class='ocrx_word' id='word_1_215' title='bbox 754 2762 939 2826; x_wconf 87' lang='lat' dir='ltr'>simplicissima,</span> <span class='ocrx_word' id='word_1_216' title='bbox 950 2779 999 2827; x_wconf 89' lang='lat' dir='ltr'>qua</span> <span class='ocrx_word' id='word_1_217' title='bbox 1015 2770 1108 2828; x_wconf 85' lang='lat' dir='ltr'>patrata</span> <span class='ocrx_word' id='word_1_218' title='bbox 1126 2769 1191 2820; x_wconf 60' lang='lat' dir='ltr'>sunt,</span> <span class='ocrx_word' id='word_1_219' title='bbox 1202 2777 1239 2809; x_wconf 80' lang='lat' dir='ltr'>re·</span> 
     </span>
    </p>
   </div>
   <div class='ocr_carea' id='block_1_6' title="bbox 465 2847 1236 2995">
    <p class='ocr_par' dir='ltr' id='par_1_6' title="bbox 465 2847 1236 2995">
     <span class='ocr_line' id='line_1_29' title="bbox 468 2847 1236 2912; baseline 0 -16"><span class='ocrx_word' id='word_1_220' title='bbox 468 2863 523 2897; x_wconf 88' lang='lat' dir='ltr'>rum</span> <span class='ocrx_word' id='word_1_221' title='bbox 544 2847 688 2906; x_wconf 87' lang='lat' dir='ltr'>Dominum,</span> <span class='ocrx_word' id='word_1_222' title='bbox 705 2847 801 2912; x_wconf 91' lang='lat' dir='ltr'>propria</span> <span class='ocrx_word' id='word_1_223' title='bbox 820 2855 937 2912; x_wconf 81' lang='lat' dir='ltr'>potestate</span> <span class='ocrx_word' id='word_1_224' title='bbox 959 2857 984 2898; x_wconf 86' lang='lat' dir='ltr'>et</span> <span class='ocrx_word' id='word_1_225' title='bbox 1005 2848 1100 2898; x_wconf 90' lang='lat' dir='ltr'>arbitrio</span> <span class='ocrx_word' id='word_1_226' title='bbox 1116 2856 1236 2910; x_wconf 80' lang='lat' dir='ltr'>agentern,</span> 
     </span>
     <span class='ocr_line' id='line_1_30' title="bbox 465 2931 666 2995; baseline 0 -15"><span class='ocrx_word' id='word_1_227' title='bbox 465 2932 538 2995; x_wconf 89' lang='lat' dir='ltr'>plane</span> <span class='ocrx_word' id='word_1_228' title='bbox 548 2931 666 2981; x_wconf 85' lang='lat' dir='ltr'>denotant</span> 
     </span>
    </p>
   </div>
   <div class='ocr_carea' id='block_1_7' title="bbox 240 3011 1314 4008">
    <p class='ocr_par' dir='ltr' id='par_1_7' title="bbox 368 3011 1303 3080">
     <span class='ocr_line' id='line_1_31' title="bbox 368 3011 1303 3080; baseline 0.002 -16"><span class='ocrx_word' id='word_1_229' title='bbox 368 3016 486 3074; x_wconf 82' lang='lat' dir='ltr'>Probatur</span> <span class='ocrx_word' id='word_1_230' title='bbox 497 3016 541 3066; x_wconf 85' lang='lat' dir='ltr'>IX.</span> <span class='ocrx_word' id='word_1_231' title='bbox 558 3017 634 3067; x_wconf 88' lang='lat' dir='ltr'>titulis</span> <span class='ocrx_word' id='word_1_232' title='bbox 643 3032 705 3080; x_wconf 90' lang='lat' dir='ltr'>quos</span> <span class='ocrx_word' id='word_1_233' title='bbox 717 3016 831 3069; x_wconf 89' lang='lat' dir='ltr'>Christus</span> <span class='ocrx_word' id='word_1_234' title='bbox 842 3018 887 3067; x_wconf 87' lang='lat' dir='ltr'>sibi</span> <span class='ocrx_word' id='word_1_235' title='bbox 898 3018 1030 3069; x_wconf 84' lang='lat' dir='ltr'>vindicarit</span> <span class='ocrx_word' id='word_1_236' title='bbox 1069 3049 1079 3062; x_wconf 91' lang='lat'><strong>·</strong></span> <span class='ocrx_word' id='word_1_237' title='bbox 1118 3011 1123 3021; x_wconf 82' lang='grc'><em>’</em></span> <span class='ocrx_word' id='word_1_238' title='bbox 1176 3041 1187 3057; x_wconf 89' lang='grc'><em>·</em></span> <span class='ocrx_word' id='word_1_239' title='bbox 1255 3021 1303 3066; x_wconf 88' lang='grc'>103</span> 
     </span>
    </p>

    <p class='ocr_par' dir='ltr' id='par_1_8' title="bbox 371 3098 1305 3168">
     <span class='ocr_line' id='line_1_32' title="bbox 371 3098 1305 3168; baseline 0.002 -18"><span class='ocrx_word' id='word_1_240' title='bbox 371 3101 489 3150; x_wconf 88' lang='lat' dir='ltr'>Probatur</span> <span class='ocrx_word' id='word_1_241' title='bbox 499 3102 531 3154; x_wconf 84' lang='lat' dir='ltr'>X·</span> <span class='ocrx_word' id='word_1_242' title='bbox 550 3117 581 3151; x_wconf 82' lang='lat' dir='ltr'>ex</span> <span class='ocrx_word' id='word_1_243' title='bbox 590 3104 646 3168; x_wconf 88' lang='lat' dir='ltr'>jure</span> <span class='ocrx_word' id='word_1_244' title='bbox 657 3119 706 3166; x_wconf 89' lang='lat' dir='ltr'>quo</span> <span class='ocrx_word' id='word_1_245' title='bbox 718 3119 744 3152; x_wconf 84' lang='lat' dir='ltr'>ss</span> <span class='ocrx_word' id='word_1_246' title='bbox 755 3103 830 3153; x_wconf 87' lang='lat' dir='ltr'>vitam</span> <span class='ocrx_word' id='word_1_247' title='bbox 842 3111 955 3154; x_wconf 81' lang='lat' dir='ltr'>eternam</span> <span class='ocrx_word' id='word_1_248' title='bbox 966 3104 1109 3167; x_wconf 82' lang='lat' dir='ltr'>largiturum</span> <span class='ocrx_word' id='word_1_249' title='bbox 1117 3102 1178 3158; x_wconf 81' lang='lat' dir='ltr'>dicit</span> <span class='ocrx_word' id='word_1_250' title='bbox 1230 3098 1237 3104; x_wconf 76' lang='grc'><strong>”</strong></span> <span class='ocrx_word' id='word_1_251' title='bbox 1257 3106 1305 3152; x_wconf 90' lang='grc'>103</span> 
     </span>
    </p>

    <p class='ocr_par' dir='ltr' id='par_1_9' title="bbox 303 3184 1307 3250">
     <span class='ocr_line' id='line_1_33' title="bbox 303 3184 1307 3250; baseline 0 -14"><span class='ocrx_word' id='word_1_252' title='bbox 303 3231 306 3237; x_wconf 95' lang='grc'><em>,</em></span> <span class='ocrx_word' id='word_1_253' title='bbox 370 3184 533 3250; x_wconf 88' lang='lat' dir='ltr'>Objectiones,</span> <span class='ocrx_word' id='word_1_254' title='bbox 634 3212 644 3226; x_wconf 90' lang='lat'><em>-</em></span> <span class='ocrx_word' id='word_1_255' title='bbox 743 3197 777 3225; x_wconf 69' lang='grc' dir='ltr'>ι’</span> <span class='ocrx_word' id='word_1_256' title='bbox 853 3215 863 3226; x_wconf 91' lang='grc'>-</span> <span class='ocrx_word' id='word_1_257' title='bbox 962 3215 973 3232; x_wconf 57' lang='lat' dir='ltr'>a</span> <span class='ocrx_word' id='word_1_258' title='bbox 1070 3215 1080 3226; x_wconf 94' lang='lat'><em>-</em></span> <span class='ocrx_word' id='word_1_259' title='bbox 1178 3215 1188 3227; x_wconf 91' lang='lat'>-</span> <span class='ocrx_word' id='word_1_260' title='bbox 1258 3188 1307 3236; x_wconf 88' lang='grc'>104</span> 
     </span>
    </p>

    <p class='ocr_par' dir='ltr' id='par_1_10' title="bbox 240 3269 626 3322">
     <span class='ocr_line' id='line_1_34' title="bbox 240 3269 626 3322; baseline -0.005 0"><span class='ocrx_word' id='word_1_261' title='bbox 240 3274 269 3322; x_wconf 89' lang='lat' dir='ltr'>C.</span> <span class='ocrx_word' id='word_1_262' title='bbox 278 3269 324 3321; x_wconf 89' lang='grc'><strong>111.</strong></span> <span class='ocrx_word' id='word_1_263' title='bbox 336 3269 375 3320; x_wconf 86' lang='lat' dir='ltr'>De</span> <span class='ocrx_word' id='word_1_264' title='bbox 385 3270 433 3320; x_wconf 86' lang='lat' dir='ltr'>fide</span> <span class='ocrx_word' id='word_1_265' title='bbox 444 3269 626 3321; x_wconf 83' lang='lat' dir='ltr'>Ante-Nicoena</span> 
     </span>
    </p>

    <p class='ocr_par' dir='ltr' id='par_1_11' title="bbox 276 3340 1240 3426">
     <span class='ocr_line' id='line_1_35' title="bbox 276 3340 1240 3426; baseline 0.005 -21"><span class='ocrx_word' id='word_1_266' title='bbox 276 3340 279 3345; x_wconf 62' lang='lat'>‚</span> <span class='ocrx_word' id='word_1_267' title='bbox 374 3357 446 3423; x_wconf 89' lang='lat' dir='ltr'>Prop.</span> <span class='ocrx_word' id='word_1_268' title='bbox 480 3357 554 3406; x_wconf 87' lang='lat' dir='ltr'>Fides</span> <span class='ocrx_word' id='word_1_269' title='bbox 564 3356 594 3406; x_wconf 93' lang='lat' dir='ltr'>de</span> <span class='ocrx_word' id='word_1_270' title='bbox 603 3357 701 3406; x_wconf 90' lang='lat' dir='ltr'>Christo</span> <span class='ocrx_word' id='word_1_271' title='bbox 713 3356 774 3417; x_wconf 89' lang='lat' dir='ltr'>Deo,</span> <span class='ocrx_word' id='word_1_272' title='bbox 786 3356 851 3408; x_wconf 87' lang='lat' dir='ltr'>Patri</span> <span class='ocrx_word' id='word_1_273' title='bbox 861 3359 1072 3426; x_wconf 75' lang='lat' dir='ltr'>equali,ejusdem</span> <span class='ocrx_word' id='word_1_274' title='bbox 1083 3362 1173 3426; x_wconf 83' lang='lat' dir='ltr'>quippe</span> <span class='ocrx_word' id='word_1_275' title='bbox 1184 3362 1240 3411; x_wconf 87' lang='lat' dir='ltr'>sub-</span> 
     </span>
    </p>

    <p class='ocr_par' dir='ltr' id='par_1_12' title="bbox 471 3422 1308 3506">
     <span class='ocr_line' id='line_1_36' title="bbox 471 3422 1308 3506; baseline 0.002 -15"><span class='ocrx_word' id='word_1_276' title='bbox 471 3442 572 3501; x_wconf 76' lang='lat' dir='ltr'>stantia,</span> <span class='ocrx_word' id='word_1_277' title='bbox 584 3442 662 3503; x_wconf 82' lang='lat' dir='ltr'>viguit</span> <span class='ocrx_word' id='word_1_278' title='bbox 673 3449 729 3490; x_wconf 83' lang='lat' dir='ltr'>ante</span> <span class='ocrx_word' id='word_1_279' title='bbox 741 3443 871 3492; x_wconf 89' lang='lat' dir='ltr'>concilium</span> <span class='ocrx_word' id='word_1_280' title='bbox 883 3422 1022 3506; x_wconf 73' lang='lat' dir='ltr'>Nicanum,</span> <span class='ocrx_word' id='word_1_281' title='bbox 1072 3473 1082 3484; x_wconf 96' lang='lat'>-</span> <span class='ocrx_word' id='word_1_282' title='bbox 1183 3478 1192 3490; x_wconf 92' lang='lat'><strong>.</strong></span> <span class='ocrx_word' id='word_1_283' title='bbox 1258 3447 1308 3493; x_wconf 95' lang='grc'>120</span> 
     </span>
    </p>

    <p class='ocr_par' dir='ltr' id='par_1_13' title="bbox 376 3524 1309 3578">
     <span class='ocr_line' id='line_1_37' title="bbox 376 3524 1309 3578; baseline 0.005 -5"><span class='ocrx_word' id='word_1_284' title='bbox 376 3524 494 3575; x_wconf 83' lang='lat' dir='ltr'>Probatur</span> <span class='ocrx_word' id='word_1_285' title='bbox 511 3525 530 3575; x_wconf 90' lang='grc' dir='ltr'>Ι.</span> <span class='ocrx_word' id='word_1_286' title='bbox 564 3524 730 3575; x_wconf 81' lang='lat' dir='ltr'>Consiliorum</span> <span class='ocrx_word' id='word_1_287' title='bbox 742 3527 882 3578; x_wconf 88' lang='lat' dir='ltr'>auctoritate</span> <span class='ocrx_word' id='word_1_288' title='bbox 964 3555 975 3566; x_wconf 93' lang='lat'><strong>·</strong></span> <span class='ocrx_word' id='word_1_289' title='bbox 1073 3561 1082 3572; x_wconf 88' lang='lat'><em>-</em></span> <span class='ocrx_word' id='word_1_290' title='bbox 1180 3557 1190 3567; x_wconf 95' lang='lat'>·</span> <span class='ocrx_word' id='word_1_291' title='bbox 1259 3532 1309 3578; x_wconf 91' lang='grc'>120</span> 
     </span>
    </p>

    <p class='ocr_par' dir='ltr' id='par_1_14' title="bbox 373 3602 1307 3762">
     <span class='ocr_line' id='line_1_38' title="bbox 377 3602 1307 3670; baseline 0.005 -10"><span class='ocrx_word' id='word_1_292' title='bbox 377 3611 495 3661; x_wconf 88' lang='lat' dir='ltr'>Probatur</span> <span class='ocrx_word' id='word_1_293' title='bbox 506 3610 538 3661; x_wconf 84' lang='lat'>11.</span> <span class='ocrx_word' id='word_1_294' title='bbox 568 3610 667 3661; x_wconf 84' lang='lat' dir='ltr'>Petrum</span> <span class='ocrx_word' id='word_1_295' title='bbox 675 3611 822 3662; x_wconf 88' lang='lat' dir='ltr'>testimoniis</span> <span class='ocrx_word' id='word_1_296' title='bbox 856 3646 865 3657; x_wconf 86' lang='lat'>-</span> <span class='ocrx_word' id='word_1_297' title='bbox 964 3642 974 3652; x_wconf 95' lang='lat'>·</span> <span class='ocrx_word' id='word_1_298' title='bbox 1000 3602 1014 3627; x_wconf 73' lang='lat'>²</span> <span class='ocrx_word' id='word_1_299' title='bbox 1073 3642 1084 3658; x_wconf 93' lang='lat'>·.</span> <span class='ocrx_word' id='word_1_300' title='bbox 1182 3646 1189 3656; x_wconf 95' lang='lat'>-</span> <span class='ocrx_word' id='word_1_301' title='bbox 1261 3620 1307 3670; x_wconf 93' lang='grc'>121</span> 
     </span>
     <span class='ocr_line' id='line_1_39' title="bbox 373 3696 1243 3762; baseline 0.005 -15"><span class='ocrx_word' id='word_1_302' title='bbox 373 3698 491 3748; x_wconf 88' lang='lat' dir='ltr'>Probatur</span> <span class='ocrx_word' id='word_1_303' title='bbox 501 3696 544 3746; x_wconf 91' lang='lat' dir='ltr'>lll.</span> <span class='ocrx_word' id='word_1_304' title='bbox 562 3697 603 3749; x_wconf 82' lang='lat' dir='ltr'>Ex</span> <span class='ocrx_word' id='word_1_305' title='bbox 614 3699 736 3762; x_wconf 85' lang='lat' dir='ltr'>Symbolis</span> <span class='ocrx_word' id='word_1_306' title='bbox 747 3715 802 3761; x_wconf 84' lang='lat' dir='ltr'>qnoe</span> <span class='ocrx_word' id='word_1_307' title='bbox 814 3699 907 3750; x_wconf 83' lang='lat' dir='ltr'>recitari</span> <span class='ocrx_word' id='word_1_308' title='bbox 917 3709 1093 3757; x_wconf 79' lang='lat' dir='ltr'>consueverant</span> <span class='ocrx_word' id='word_1_309' title='bbox 1104 3703 1243 3753; x_wconf 82' lang='lat' dir='ltr'>solemniter</span> 
     </span>
    </p>

    <p class='ocr_par' dir='ltr' id='par_1_15' title="bbox 473 3780 1314 3838">
     <span class='ocr_line' id='line_1_40' title="bbox 473 3780 1314 3838; baseline 0.004 -7"><span class='ocrx_word' id='word_1_310' title='bbox 473 3782 673 3833; x_wconf 86' lang='lat' dir='ltr'>anteconcilium</span> <span class='ocrx_word' id='word_1_311' title='bbox 684 3783 815 3834; x_wconf 80' lang='lat' dir='ltr'>Nioenum</span> <span class='ocrx_word' id='word_1_312' title='bbox 856 3815 865 3826; x_wconf 88' lang='lat'>·</span> <span class='ocrx_word' id='word_1_313' title='bbox 962 3818 971 3829; x_wconf 88' lang='lat'>-</span> <span class='ocrx_word' id='word_1_314' title='bbox 1072 3780 1091 3826; x_wconf 74' lang='lat'>-&#39;</span> <span class='ocrx_word' id='word_1_315' title='bbox 1181 3814 1191 3826; x_wconf 93' lang='lat'><em>·</em></span> <span class='ocrx_word' id='word_1_316' title='bbox 1262 3792 1314 3838; x_wconf 87' lang='grc'><strong>123,</strong></span> 
     </span>
    </p>

    <p class='ocr_par' dir='ltr' id='par_1_16' title="bbox 375 3865 1313 3943">
     <span class='ocr_line' id='line_1_41' title="bbox 375 3865 1313 3943; baseline 0.007 -28"><span class='ocrx_word' id='word_1_317' title='bbox 375 3865 494 3918; x_wconf 88' lang='lat' dir='ltr'>Probatur</span> <span class='ocrx_word' id='word_1_318' title='bbox 506 3867 553 3917; x_wconf 86' lang='lat' dir='ltr'>lv.</span> <span class='ocrx_word' id='word_1_319' title='bbox 569 3865 877 3934; x_wconf 67' lang='lat' dir='ltr'>martyrum-testimoniis*</span> <span class='ocrx_word' id='word_1_320' title='bbox 965 3870 993 3913; x_wconf 60' lang='grc' dir='ltr'>-ἰ</span> <span class='ocrx_word' id='word_1_321' title='bbox 1073 3895 1084 3909; x_wconf 85' lang='grc'><em>·</em></span> <span class='ocrx_word' id='word_1_322' title='bbox 1098 3920 1121 3943; x_wconf 35' lang='grc' dir='ltr'><em>Α</em></span> <span class='ocrx_word' id='word_1_323' title='bbox 1183 3898 1193 3910; x_wconf 84' lang='grc'><em>·</em></span> <span class='ocrx_word' id='word_1_324' title='bbox 1261 3877 1313 3922; x_wconf 73' lang='grc'>125</span> 
     </span>
    </p>

    <p class='ocr_par' dir='ltr' id='par_1_17' title="bbox 377 3953 1312 4008">
     <span class='ocr_line' id='line_1_42' title="bbox 377 3953 1312 4008; baseline 0.006 -6"><span class='ocrx_word' id='word_1_325' title='bbox 377 3954 495 4004; x_wconf 91' lang='lat' dir='ltr'>Probatur</span> <span class='ocrx_word' id='word_1_326' title='bbox 503 3953 534 4004; x_wconf 88' lang='lat' dir='ltr'>V.</span> <span class='ocrx_word' id='word_1_327' title='bbox 545 3970 576 4004; x_wconf 84' lang='lat' dir='ltr'>ex</span> <span class='ocrx_word' id='word_1_328' title='bbox 587 3955 706 4005; x_wconf 79' lang='lat' dir='ltr'>heresum</span> <span class='ocrx_word' id='word_1_329' title='bbox 718 3955 873 4008; x_wconf 85' lang='lat' dir='ltr'>damnatione</span> <span class='ocrx_word' id='word_1_330' title='bbox 965 3983 975 3997; x_wconf 92' lang='lat'>·</span> <span class='ocrx_word' id='word_1_331' title='bbox 1046 3963 1058 3973; x_wconf 74' lang='grc'><strong>“</strong></span> <span class='ocrx_word' id='word_1_332' title='bbox 1073 3982 1083 3997; x_wconf 85' lang='grc'><em>·</em></span> <span class='ocrx_word' id='word_1_333' title='bbox 1182 3983 1192 3996; x_wconf 86' lang='grc'><em>·</em></span> <span class='ocrx_word' id='word_1_334' title='bbox 1264 3963 1312 4008; x_wconf 85' lang='grc'>126</span> 
     </span>
    </p>
   </div>
   <div class='ocr_carea' id='block_1_8' title="bbox 378 4039 1314 4188">
    <p class='ocr_par' dir='ltr' id='par_1_18' title="bbox 378 4039 1314 4188">
     <span class='ocr_line' id='line_1_43' title="bbox 378 4039 1314 4104; baseline 0.01 -18"><span class='ocrx_word' id='word_1_335' title='bbox 378 4039 495 4089; x_wconf 84' lang='lat' dir='ltr'>Probatur</span> <span class='ocrx_word' id='word_1_336' title='bbox 506 4039 550 4088; x_wconf 86' lang='lat' dir='ltr'>Vl.</span> <span class='ocrx_word' id='word_1_337' title='bbox 568 4056 598 4089; x_wconf 87' lang='lat' dir='ltr'>ex</span> <span class='ocrx_word' id='word_1_338' title='bbox 610 4040 717 4090; x_wconf 88' lang='lat' dir='ltr'>hostium</span> <span class='ocrx_word' id='word_1_339' title='bbox 728 4041 785 4090; x_wconf 86' lang='lat' dir='ltr'>fidei</span> <span class='ocrx_word' id='word_1_340' title='bbox 796 4040 949 4101; x_wconf 88' lang='lat' dir='ltr'>testimoniis,</span> <span class='ocrx_word' id='word_1_341' title='bbox 1079 4060 1089 4080; x_wconf 68' lang='grc'>’-</span> <span class='ocrx_word' id='word_1_342' title='bbox 1186 4070 1196 4083; x_wconf 89' lang='grc'><strong>-</strong></span> <span class='ocrx_word' id='word_1_343' title='bbox 1263 4047 1314 4104; x_wconf 84' lang='grc'>127</span> 
     </span>
     <span class='ocr_line' id='line_1_44' title="bbox 379 4123 534 4188; baseline 0.013 -17"><span class='ocrx_word' id='word_1_344' title='bbox 379 4123 534 4188; x_wconf 87' lang='lat' dir='ltr'>Objectiones</span> 
     </span>
    </p>
   </div>
   <div class='ocr_carea' id='block_1_9' title="bbox 249 4208 1317 4536">
    <p class='ocr_par' dir='ltr' id='par_1_19' title="bbox 249 4208 1317 4446">
     <span class='ocr_line' id='line_1_45' title="bbox 249 4208 1317 4266; baseline 0.008 -9"><span class='ocrx_word' id='word_1_345' title='bbox 249 4210 278 4257; x_wconf 87' lang='lat' dir='ltr'>C.</span> <span class='ocrx_word' id='word_1_346' title='bbox 292 4209 334 4259; x_wconf 89' lang='lat' dir='ltr'>lV.</span> <span class='ocrx_word' id='word_1_347' title='bbox 347 4208 385 4257; x_wconf 90' lang='lat' dir='ltr'>De</span> <span class='ocrx_word' id='word_1_348' title='bbox 396 4208 488 4258; x_wconf 88' lang='lat' dir='ltr'>Justini</span> <span class='ocrx_word' id='word_1_349' title='bbox 499 4209 619 4258; x_wconf 86' lang='lat' dir='ltr'>sententia</span> <span class='ocrx_word' id='word_1_350' title='bbox 758 4237 768 4253; x_wconf 67' lang='grc' dir='ltr'>ι</span> <span class='ocrx_word' id='word_1_351' title='bbox 866 4241 876 4255; x_wconf 79' lang='lat'><em>-</em></span> <span class='ocrx_word' id='word_1_352' title='bbox 974 4237 986 4254; x_wconf 60' lang='lat' dir='ltr'>a</span> <span class='ocrx_word' id='word_1_353' title='bbox 1081 4241 1092 4254; x_wconf 92' lang='lat'>·</span> <span class='ocrx_word' id='word_1_354' title='bbox 1116 4225 1122 4236; x_wconf 91' lang='lat'><strong>·</strong></span> <span class='ocrx_word' id='word_1_355' title='bbox 1267 4216 1317 4266; x_wconf 80' lang='lat'>133</span> 
     </span>
     <span class='ocr_line' id='line_1_46' title="bbox 379 4288 1248 4366; baseline 0.01 -23"><span class='ocrx_word' id='word_1_356' title='bbox 379 4293 523 4360; x_wconf 86' lang='lat' dir='ltr'>Propositio.</span> <span class='ocrx_word' id='word_1_357' title='bbox 556 4294 648 4344; x_wconf 86' lang='lat' dir='ltr'>Justini</span> <span class='ocrx_word' id='word_1_358' title='bbox 664 4302 733 4345; x_wconf 81' lang='lat' dir='ltr'>etate</span> <span class='ocrx_word' id='word_1_359' title='bbox 753 4288 826 4346; x_wconf 80' lang='lat' dir='ltr'>lesus</span> <span class='ocrx_word' id='word_1_360' title='bbox 842 4297 955 4348; x_wconf 88' lang='lat' dir='ltr'>Christus</span> <span class='ocrx_word' id='word_1_361' title='bbox 971 4297 1036 4349; x_wconf 83' lang='lat' dir='ltr'>filius</span> <span class='ocrx_word' id='word_1_362' title='bbox 1056 4298 1111 4359; x_wconf 87' lang='lat' dir='ltr'>Dei,</span> <span class='ocrx_word' id='word_1_363' title='bbox 1128 4315 1248 4366; x_wconf 83' lang='lat' dir='ltr'>verusque</span> 
     </span>
     <span class='ocr_line' id='line_1_47' title="bbox 476 4379 1247 4446; baseline 0.01 -17"><span class='ocrx_word' id='word_1_364' title='bbox 476 4379 553 4440; x_wconf 87' lang='lat' dir='ltr'>Deus,</span> <span class='ocrx_word' id='word_1_365' title='bbox 564 4380 672 4446; x_wconf 77' lang='lat' dir='ltr'>ejusdem</span> <span class='ocrx_word' id='word_1_366' title='bbox 684 4381 776 4432; x_wconf 82' lang='lat' dir='ltr'>scilicet</span> <span class='ocrx_word' id='word_1_367' title='bbox 783 4398 839 4433; x_wconf 88' lang='lat' dir='ltr'>cum</span> <span class='ocrx_word' id='word_1_368' title='bbox 850 4381 922 4433; x_wconf 84' lang='lat' dir='ltr'>Patre</span> <span class='ocrx_word' id='word_1_369' title='bbox 934 4384 1081 4445; x_wconf 83' lang='lat' dir='ltr'>substantie,</span> <span class='ocrx_word' id='word_1_370' title='bbox 1095 4385 1123 4435; x_wconf 88' lang='lat' dir='ltr'>in</span> <span class='ocrx_word' id='word_1_371' title='bbox 1134 4386 1247 4437; x_wconf 86' lang='lat' dir='ltr'>universa</span> 
     </span>
    </p>

    <p class='ocr_par' dir='ltr' id='par_1_20' title="bbox 483 4459 1317 4536">
     <span class='ocr_line' id='line_1_48' title="bbox 483 4459 1317 4536; baseline 0.011 -23"><span class='ocrx_word' id='word_1_372' title='bbox 483 4463 594 4514; x_wconf 79' lang='lat' dir='ltr'>Ecclesia</span> <span class='ocrx_word' id='word_1_373' title='bbox 604 4480 635 4517; x_wconf 81' lang='lat' dir='ltr'>ex</span> <span class='ocrx_word' id='word_1_374' title='bbox 647 4467 768 4535; x_wconf 74' lang='lat' dir='ltr'>consunti</span> <span class='ocrx_word' id='word_1_375' title='bbox 780 4469 900 4536; x_wconf 89' lang='lat' dir='ltr'>majorum</span> <span class='ocrx_word' id='word_1_376' title='bbox 911 4468 966 4530; x_wconf 83' lang='lat' dir='ltr'>fide,</span> <span class='ocrx_word' id='word_1_377' title='bbox 978 4459 1076 4534; x_wconf 70' lang='lat' dir='ltr'>agnitus</span> <span class='ocrx_word' id='word_1_378' title='bbox 1087 4478 1124 4521; x_wconf 88' lang='lat' dir='ltr'>est</span> <span class='ocrx_word' id='word_1_379' title='bbox 1188 4498 1198 4514; x_wconf 86' lang='lat'><strong>·</strong></span> <span class='ocrx_word' id='word_1_380' title='bbox 1266 4475 1317 4524; x_wconf 83' lang='grc'><strong>1311</strong></span> 
     </span>
    </p>
   </div>
   <div class='ocr_carea' id='block_1_10' title="bbox 0 0 1407 5024">
    <p class='ocr_par' dir='ltr' id='par_1_21' title="bbox 0 0 1407 5024">
     <span class='ocr_line' id='line_1_49' title="bbox 0 0 1407 5024; baseline 0 0"><span class='ocrx_word' id='word_1_381' title='bbox 0 0 1407 5024; x_wconf 95' lang='lat' dir='ltr'> </span> 
     </span>
    </p>
   </div>
  </div>
 </body>
</html>
