2744 5024
97 140 112 189 ἰ

70 230 127 315 ἰι
168 302 171 307 .
404 254 460 316 na
483 254 656 316 nouum
683 255 951 320 muooaure.

7 410 9 419 '
82 410 195 478 menia,
210 413 363 472 etArabioe
378 412 533 472 Orientalis
546 433 613 473 eum
628 413 728 474 fuisse.
769 415 903 476 Profecto
914 414 1078 494 Euphrates
1092 414 1284 495 planedesiq-
1337 444 1339 465 ι

82 511 573 618 ireturquartusliurius·1752.¹

124 623 175 679 88.
198 622 271 682 Duae
286 629 466 702 praecaeteris
479 629 777 691 areoml’aradrsrm
793 614 1284 708 Serrptunsnotantur'lrgnomrcr
1335 608 1339 645 ’ἶ

84 714 152 774 licet
165 718 241 787 vitae,
257 732 286 778 et
298 722 421 800 lignum
421 724 629 785 scientioslroui
650 738 678 784 et
692 727 769 785 mali.
812 725 887 784 lllud
908 727 972 786 vite
993 726 1121 787 hominis
1139 716 1339 791 sernmde

20 808 26 819 '
85 811 185 874 diuino
205 819 327 876 consilio
342 820 523 890 inserviebat,
539 841 616 890 eum,
631 822 767 895 quamdiu
789 823 928 882 innocens
951 833 1052 891 erata
1071 831 1164 883 morte
1185 822 1284 881 immu-
1335 784 1339 877 l

85 927 153 968 uem
167 911 317 973 iacturum.
360 926 379 954 ‘⁶
390 916 512 977 Pnictus
527 917 654 987 aboris,”
672 919 781 996 optime
795 919 910 978 adnotat
921 919 953 976 S.
969 919 1182 989 Bonaventura,
1197 914 1283 979 “non
1336 932 1339 959 ¹

86 1005 169 1066 dabat
182 1010 441 1084 immortalitatem,
457 1015 508 1073 sed
522 1015 618 1073 divina
634 1015 732 1081 virtus,
748 1035 812 1075 cum
825 1016 932 1076 fructus
946 1017 996 1076 illa
1006 1016 1219 1095 comedebatur,
1234 1015 1289 1074 im·.

87 1108 286 1171 mortalitatem
307 1111 416 1170 homini
442 1113 658 1190 largiebatur.”⁵
699 1114 792 1172 Arbor
805 1115 891 1173 altera
916 1106 1088 1193 “appellata
1107 1123 1153 1173 est
1169 1113 1293 1197 scientis-

88 1203 275 1282 dignoscendi
297 1208 404 1267 bonum
429 1221 458 1267 et
480 1211 597 1278 malurn,
612 1211 679 1284 quia
699 1212 723 1269 si
744 1223 810 1290 post
829 1213 1052 1290 prohibitionem
1072 1231 1111 1272 ex
1133 1211 1286 1273 illabente

89 1299 195 1370 ederet,
211 1303 240 1360 in
255 1302 303 1363 illa
314 1316 373 1362 erat
383 1305 470 1363 futuri
485 1307 618 1383 praecepti
632 1308 823 1384 trangressio;
838 1309 868 1366 in
878 1327 935 1381 qua
945 1308 1033 1367 homo
1048 1307 1288 1385 perexperimen-

89 1409 149 1458 turn
166 1421 258 1478 poenae
269 1403 400 1473 disceret,
411 1405 480 1478 quid
495 1406 646 1464 interesset
654 1407 727 1465 inter
741 1406 909 1466 obedientia)
920 1407 1038 1474 bouum,
1049 1414 1078 1463 et
1090 1403 1287 1464 inobedientia

91 1499 245 1559 malum.'’⁸

131 1599 180 1654 89.
204 1598 311 1676 Magna
325 1618 418 1658 rernm
431 1600 550 1659 scientia
563 1600 651 1659 homo
662 1600 798 1658 innocens
814 1600 867 1658 suit
877 1601 1042 1668 instructus,
1054 1599 1089 1658 de
1104 1599 1207 1677 primis
1218 1597 1290 1657 enim

92 1695 258 1770 parentibus
276 1696 351 1774 apud
367 1698 605 1756 Ecclesiastieunr
622 1698 764 1777 legimus:
790 1707 809 1734 ‘⁴
820 1718 869 1757 cor
882 1696 960 1756 dedit
980 1698 1037 1757 illis
1059 1695 1253 1774 excogitandi,
1265 1705 1292 1753 et

94 1790 245 1869 disciplina
259 1794 418 1853 intellectus
433 1794 553 1872 replevit
567 1795 642 1854 illos.
685 1795 803 1853 Creavit
816 1795 873 1853 illis
894 1795 1043 1870 scientiam
1057 1795 1192 1872 spiritus,
1207 1811 1291 1853 seusu

93 1889 225 1966 implevit
245 1911 295 1950 cor
315 1892 439 1962 illorum,
455 1904 483 1950 et
504 1893 578 1950 mala
592 1903 620 1950 et
640 1894 716 1950 bona
735 1891 860 1950 ostendit
880 1891 990 1950 illis.’'⁴
1029 1889 1294 1965 Equidemddarn

94 1987 284 2044 animantibus
297 1989 435 2064 imposuit
443 1989 569 2056 uomina,
580 2007 679 2046 eorum
689 2001 794 2046 naturae
807 2007 942 2066 congrua,
952 1987 1030 2062 quod
1043 1988 1171 2052 scientiae
1183 1986 1296 2047 eximie

95 2093 261 2157 argumento
276 2093 329 2140 est.
371 2082 524 2150 Quomodo
539 2093 631 2141 autem
647 2085 773 2160 serpenti
795 2084 867 2143 salsa
881 2084 1014 2144 suadenti
1033 2085 1171 2143 obsecuta
1184 2084 1224 2143 sit
1236 2101 1295 2143 mu·

94 2175 157 2242 lier,
172 2176 296 2250 huicque
312 2197 420 2236 morem
435 2180 556 2256 gesserit
571 2180 622 2248 vir,
637 2199 695 2239 non
710 2181 791 2240 facile
807 2181 976 2258 concipitur,
989 2181 1046 2239 nisi
1059 2198 1157 2239 amore
1171 2179 1296 2257 propriae

96 2272 272 2330 excellentiae
286 2274 395 2333 sensim
410 2277 471 2333 sine
486 2295 574 2334 sensu
594 2276 712 2334 luminis
733 2277 859 2335 coelestis
880 2261 1099 2337 subductionem
1122 2275 1296 2341 inducente:

98 2370 267 2439 “Mulier‚‘’
288 2372 381 2445 iuquit
404 2374 593 2450 Augustinus,
617 2376 733 2434 “verbo
760 2375 901 2452 serpentis
921 2394 979 2434 non
1002 2374 1140 2444 crederet,
1164 2374 1223 2432 nisi
1239 2373 1300 2450 jam

98 2466 205 2525 inesset
219 2468 308 2526 menti
322 2469 384 2546 ejus
399 2488 478 2528 amor
492 2470 614 2546 propriae
629 2471 787 2547 potestatis,
803 2481 832 2528 et
848 2470 978 2544 quaedam
994 2469 1029 2528 de
1044 2488 1076 2528 se
1089 2469 1217 2547 superba
1230 2485 1299 2543 pre·

98 2564 274 2639 sumptio.‘’⁵
338 2582 341 2589 ’

110 2686 114 2698 =
140 2663 188 2717 90.
212 2661 464 2731 Βοοιιιῌοίιίιιι,
480 2663 515 2720 ab
529 2663 608 2720 omni
631 2663 699 2721 vitio
722 2646 870 2731 immunis,
886 2674 996 2720 creatus
1011 2673 1055 2719 est
1075 2661 1185 2737 primus
1202 2659 1300 2725 homo,

20 2758 24 2767 '
99 2757 159 2841 imo
174 2757 249 2818 dono
271 2761 367 2837 gratiae
382 2761 506 2818 coelestis
522 2774 637 2818 auctus:
668 2759 887 2818 “Solummodo
902 2759 957 2817 hoc
978 2759 1088 2825 inveni,
1105 2755 1181 2830 quod
1204 2755 1304 2813 facerit

68 2848 186 2925 ,Deris
203 2854 351 2941 hominem
373 2858 532 2917 rectum.”⁶
571 2869 647 2937 'wi
669 2868 762 2915 autem
788 2856 824 2914 de
841 2857 928 2934 justis
952 2856 1116 2928 sanctisque
1141 2853 1251 2931 passim
1273 2852 1302 2910 in

102 2930 257 3029 Scriplriris
277 2968 439 3030 usurpatur,
454 2956 513 3013 imo
533 2965 561 3012 et
582 2955 662 3012 Deus
684 2956 723 3011 ita
743 2963 869 3010 vocatur.
911 2953 1096 3010 sanctitatem
1117 2961 1146 3008 et
1161 2951 1304 3027 justitiam

102 3049 270 3123 originalem
286 3051 314 3105 in
329 3066 386 3121 qua
398 3049 487 3125 homo
500 3051 670 3109 constitutus
686 3051 769 3117 erat,⁷
783 3049 878 3107 divina
892 3037 1086 3109 munificentia
1097 3047 1230 3104 tributam
1245 3064 1307 3104 esse

101 3148 210 3218 liquet;
226 3148 318 3222 potuit
331 3146 410 3205 euim
426 3144 506 3204 Deus
518 3147 677 3216 hominem,
688 3149 783 3205 anima
794 3157 822 3204 et
835 3166 954 3224 corpore
967 3155 1156 3212 constantem,
1169 3143 1204 3202 ad
1218 3145 1305 3202 finem

103 3263 181 3303 mere
196 3244 351 3302 naturalem
366 3263 472 3313 creare,
487 3246 629 3322 integrum
651 3246 767 3319 quidem
781 3257 810 3304 et
830 3247 992 3313 innoxium,
1007 3244 1059 3303 sed
1080 3245 1160 3303 nullo
1173 3241 1306 3303 subsidio

104 3341 331 3418 supernaturali
324 3353 502 3401 instructum.
524 3342 623 3401 Potuit
633 3363 698 3401 eum
714 3344 893 3418 relinquere
885 3345 920 3401 ris
933 3341 1123 3401 incommodis
1135 3341 1304 3427 οιιιοπίειῦι

106 3457 169 3511 quae
195 3456 231 3494 ex
257 3439 384 3514 corporis
407 3437 516 3500 condit
514 3458 572 3498 ane
595 3451 760 3514 sequuntur,
783 3441 883 3499 morbo
901 3440 1012 3498 scilicet
1032 3450 1061 3497 et
1082 3439 1178 3497 morti
1221 3420 1308 3506 Quod

106 3533 192 3610 igitur
202 3552 267 3591 eum
280 3533 313 3590 nd
329 3534 455 3594 altiorem
471 3545 575 3594 statum
587 3538 723 3605 evexerit,
736 3548 764 3595 et
775 3537 922 3595 sanctitate
935 3535 1052 3602 omarit,
1065 3544 1096 3592 ut
1110 3533 1176 3592 Deo
1187 3533 1308 3592 fruendo

107 3631 187 3689 fieret
201 3629 332 3698 idoneus,
347 3632 423 3690 dono
438 3633 552 3691 coelesti
572 3646 600 3692 et
621 3635 742 3712 gratuito
756 3633 890 3711 contigit,
928 3631 1124 3696 Vehementer
1145 3630 1254 3699 idcirco
1268 3649 1310 3689 er-

107 3729 178 3786 ravit
198 3729 342 3786 liutherus
356 3728 473 3788 dicens:
504 3730 629 3798 “Quare
653 3740 819 3798 statuamus,
837 3730 979 3807 justitiam
1001 3748 1059 3788 non
1074 3746 1140 3786 esse
1161 3725 1307 3803 quoddam

109 3823 225 3894 donum,
241 3824 316 3898 quod
332 3827 366 3884 ab
381 3839 459 3885 extra
471 3827 626 3897 accederet,
639 3840 859 3906 separatumque
872 3847 888 3884 a
899 3837 999 3886 natura
1009 3825 1146 3893 hominis,
1158 3824 1209 3883 sed
1221 3823 1311 3882 fuisse

110 3942 176 3981 vere
191 3925 358 3994 naturalem,
372 3936 404 3983 ut
417 3935 525 3985 naturae
539 3926 610 3985 lla
624 3937 701 3984 esset
714 3924 833 4002 diligere
848 3925 954 3994 Deum,
967 3923 1081 3987 credere
1096 3923 1177 3987 Deoa
1189 3939 1311 4008 coguos-

409 4059 447 4117 (1)
464 4073 488 4105 v.
502 4057 541 4104 14.

408 4144 446 4201 (ἢ
464 4141 494 4191 Ιιι
505 4145 521 4189 2
533 4140 589 4190 dist.
604 4143 644 4190 tr.

413 4227 451 4287 (³)
468 4224 535 4288 Aug.
546 4225 564 4274 l.
575 4227 599 4274 8.
611 4224 641 4274 de
653 4223 759 4275 Generi
775 4224 811 4275 lit.
822 4241 843 4277 c.
856 4227 879 4276 0.

418 4311 457 4372 (4)
474 4309 543 4360 Eeol.
554 4308 615 4361 xvii.
628 4311 652 4358 5.

415 4395 452 4456 (0)
471 4393 562 4456 Auni.
573 4395 598 4445 ii.
610 4395 641 4445 de
652 4395 715 4445 Gen.
727 4393 758 4444 ed
774 4394 810 4445 lit.
827 4410 849 4445 c.
867 4397 909 4447 80.

414 4482 452 4542 (e)
469 4480 539 4531 Eccl.
548 4480 589 4530 vii
599 4483 641 4532 30.

416 4570 454 4631 (7)
471 4565 630 4628 Οοιιο.,’1’ήο.
641 4566 708 4623 Sese.
719 4566 818 4626 noum
832 4570 859 4626 l,
913 4625 919 4635 ,
