2744 5024
296 336 301 342 .
405 293 462 355 oa
482 265 688 355 rusrrmm'
709 291 948 353 amssrous.
1230 296 1286 352 aar

586 548 794 590 uetuerlourrs.

131 691 193 748 ³09.
219 685 285 766 obj.
302 691 327 746 l.
344 685 471 746 loannes
486 687 571 746 dicit:
589 686 723 747 “Omnis
736 688 785 760 qui
797 699 904 764 peccat,
917 707 976 749 non
987 685 1058 746 vidit
1068 706 1145 758 eum,
1157 705 1211 746 nec
1220 707 1286 766 cog·

88 785 163 842 uouit
175 782 351 843 eum.”¹-“
365 782 468 841 Omnis
478 783 528 855 qui
543 791 625 840 natus
640 795 735 840 estex
750 782 814 840 Deo
824 793 971 860 peccatum
986 802 1043 842 non
1058 783 1134 859 facit,
1148 784 1285 856 quoniam
1308 798 1327 849 ,·

83 894 181 937 semen
204 879 296 954 ipsius
319 878 348 936 in
363 896 398 937 eo
423 890 528 945 manet,
543 889 571 936 et
590 897 648 936 non
662 886 757 953 potest
770 896 898 955 peccare,
914 882 1050 953 quoniam
1064 896 1101 936 ex
1123 879 1187 938 Deo
1201 887 1285 937 natus
1306 856 1314 875 l

83 975 171 1033 est.”⁸
211 975 301 1052 Igitur
321 967 494 1048 quicumque
510 986 608 1051 peccat
618 993 774 1047 numquam
786 994 853 1033 vere
867 976 931 1055 Deo
945 987 1057 1035 renatus
1072 984 1125 1033 est.

120 1074 190 1129 310.
206 1069 295 1146 Reap.
318 1070 350 1128 S.
365 1069 493 1128 loannes
508 1071 544 1128 iis
555 1070 626 1127 locis
641 1071 818 1127 sanctitatem
828 1089 885 1143 qua
898 1072 991 1129 ornari
1003 1070 1088 1128 debet
1102 1069 1212 1126 Christi
1226 1067 1283 1127 dia·
1304 1124 1307 1133 ,

81 1164 195 1241 eipulus
208 1163 340 1222 inculcat.
362 1165 411 1222 hit
424 1165 525 1240 igitur;
542 1173 560 1200 ‘⁴
573 1165 674 1222 Omnis
688 1165 737 1236 qui
749 1165 778 1222 iu
790 1182 825 1222 eo
837 1175 943 1234 manet,
950 1182 1009 1224 non
1020 1173 1119 1242 peccat
1128 1163 1159 1233 ;'’
1172 1158 1286 1223 scilicet

82 1260 217 1335 quamdiu
232 1262 263 1318 in
278 1261 395 1319 Christo
408 1274 514 1328 manet,
530 1271 558 1320 et
570 1281 669 1320 semen
684 1262 775 1338 ipsius
797 1262 827 1319 in
841 1280 876 1320 eo
895 1273 1007 1331 mauet;
1031 1281 1084 1320 nec
1109 1270 1203 1339 potest
1216 1278 1281 1338 pec·

81 1376 154 1427 care,
170 1371 311 1432 quatenus
325 1377 362 1416 ex
383 1358 448 1416 Deo
469 1371 551 1417 natus
577 1370 630 1426 est,
651 1360 718 1432 quia
745 1359 842 1416 divina
862 1360 910 1418 illa
932 1360 1062 1418 nativitas
1085 1360 1113 1417 ei
1134 1361 1279 1427 virtutum,

81 1454 155 1512 haud
164 1456 309 1522 vitiorum,
325 1467 369 1513 est
380 1475 474 1513 causa.
517 1455 590 1513 Haec
601 1455 670 1512 dicit
681 1454 837 1531 Apostolus
849 1457 962 1528 nequis
976 1457 1122 1514 existimet
1131 1466 1280 1531 peccatum

81 1566 165 1627 grave
179 1568 245 1607 cum
256 1550 349 1626 gratia
362 1551 498 1626 componi
512 1568 617 1626 posse:
641 1559 660 1584 “
673 1549 769 1607 Filioli
784 1551 851 1617 mei,
867 1550 930 1608 haec
943 1551 1038 1610 scribo
1063 1550 1154 1618 vobis,
1169 1559 1201 1608 ut
1220 1567 1277 1608 non

82 1643 256 1718 peucetiam
272 1643 286 1658 ''
296 1643 439 1702 Ceterum
454 1645 555 1702 satetur
568 1645 629 1702 fieri
644 1663 730 1720 posse
748 1653 779 1701 ut
793 1643 974 1702 Christianus
983 1645 1072 1703 homo
1085 1645 1115 1702 iu
1131 1653 1278 1722 peccatum

81 1736 207 1796 labatur:
228 1738 313 1821 “Sed
338 1740 411 1797 etsi
431 1741 496 1812 quis
518 1741 686 1816 peccaverit,
708 1738 875 1798 advocatum
900 1740 1039 1798 habemus
1060 1740 1136 1816 apud
1163 1741 1277 1799 Patrem

84 1834 183 1893 Jesum
199 1835 349 1894 Christum
366 1837 527 1911 justum.”⁴
576 1837 712 1895 Hortatur
726 1846 819 1894 autern
835 1836 870 1893 ad
890 1835 1141 1912 perseverandum,
1157 1854 1279 1894 neasa·
1362 1874 1367 1882 ·

82 1931 136 1990 lute
150 1934 265 2008 penitus
279 1933 465 1992 excidamus:
490 1935 562 1992 “Et
575 1953 650 1992 nunc
666 1933 744 1992 lilioli
766 1922 878 1990 manete
893 1933 923 1990 iu
936 1951 989 2001 eo;
1010 1942 1042 1990 ut
1055 1951 1120 1990 cum
1142 1951 1279 2010 apparue-

54 2086 59 2097 ,
81 2029 124 2096 rit,
137 2028 295 2108 habeamus
320 2021 474 2100 fiduciam,
488 2043 515 2088 ct
537 2050 595 2089 non
624 2030 832 2089 confundamur
851 2030 886 2086 ab
907 2048 942 2087 eo
971 2029 1000 2087 in
1022 2029 1144 2088 adventu
1165 2030 1278 2107 ejus.’'⁵

83 2123 166 2190 Quod
181 2135 360 2201 peccatorem
382 2127 452 2184 dicit
473 2146 530 2184 non
556 2127 663 2184 vidisse
686 2145 739 2184 nec
754 2126 925 2202 cognovisse
945 2124 1105 2194 Christum,
1121 2127 1278 2185 vehemens
1355 2126 1358 2130 ’

82 2231 123 2278 est
143 2222 215 2280 ratio
230 2222 446 2281 demonstrandi
460 2224 653 2300 cognitionem
676 2222 786 2280 Christi
807 2233 901 2280 natam
916 2241 980 2280 esse
995 2222 1030 2281 ad
1045 2224 1162 2281 virtutes
1176 2243 1277 2283 omnes

82 2317 294 2392 producendas:
321 2329 495 2396 quapropter,
513 2337 549 2378 ex
570 2318 652 2395 lapsu
673 2320 703 2376 in
724 2318 801 2387 vitia,
818 2320 974 2395 prasertim
999 2321 1139 2396 graviora,
1161 2321 1279 2380 insertur

81 2432 135 2472 uon
149 2433 185 2472 eu
198 2420 292 2472 rerum
309 2415 533 2491 Christianarum
545 2417 648 2474 notitia
662 2434 726 2474 eum
743 2417 893 2485 imbutum,
905 2436 969 2490 quae
981 2417 1016 2475 ad
1027 2418 1279 2496 salutemproeit.⁸

82 2510 382 2588 Recte-Hieronymus
394 2514 526 2590 Apostoli
539 2525 663 2572 mentem
673 2514 812 2589 explicuit
825 2534 832 2571 :
855 2524 875 2551 ‘⁸
886 2516 1051 2591 Propterea,
1066 2517 1168 2588 inquit,
1184 2519 1278 2574 scribo

63 2609 161 2674 ,vobis
175 2609 258 2666 filioli
272 2609 345 2667 mei:
367 2610 465 2668 omnia
474 2609 526 2686 qui
539 2617 630 2666 nutus
645 2615 688 2665 eat
697 2626 733 2665 ea
748 2607 811 2665 Deo
833 2616 1011 2686 nonpeccct,
1027 2619 1126 2667 utnon
1141 2611 1277 2685 peccetis,
1293 2639 1298 2646 ·

81 2716 106 2762 ct
115 2703 225 2762 tamdiu
239 2705 337 2762 sciatis
352 2724 402 2763 vos
418 2707 446 2763 in
462 2706 643 2783 generatione
659 2704 776 2762 Domini
792 2722 968 2781 permanere,
983 2703 1118 2776 quamdiu
1140 2723 1197 2762 non
1213 2722 1278 2781 pec-

81 2800 224 2858 caveritis.
267 2800 361 2858 Immo
380 2801 429 2873 qui
453 2801 482 2860 in
508 2800 690 2875 generatione
715 2799 833 2856 Domini
856 2810 1048 2876 perseverant,
1072 2802 1191 2876 peccare
1220 2817 1279 2858 nou

81 2895 248 2971 possunt.”⁷

89 3025 93 3034 ·
116 2995 151 3050 et
161 2996 188 3049 1.
214 2991 282 3070 Obj.
297 2997 326 3051 2.
348 2992 507 3051 Verborum
523 3003 599 3050 esset
611 2993 702 3060 lusus,
717 3009 769 3050 seu
783 2991 947 3068 battologia,
962 2990 987 3048 si
1009 2991 1172 3049 testimonia
1185 2993 1278 3068 Apos-
1365 2987 1367 2991 ’

82 3088 127 3146 toli
141 3087 179 3146 de
190 3089 346 3146 sanctitatis
360 3089 532 3164 obligatione
548 3089 749 3166 intelligantur.
791 3088 840 3146 Ex
855 3087 918 3145 aliis
933 3096 1027 3146 autem
1040 3088 1111 3146 locis
1126 3087 1217 3160 liquet
1228 3105 1278 3146 eos

82 3185 128 3256 qui
143 3196 298 3262 peccarunt
310 3195 339 3243 et
353 3184 528 3253 defecerunt,
541 3205 697 3259 numquam
713 3186 802 3244 luisse
816 3187 909 3262 justos
924 3195 953 3242 et
966 3185 1064 3244 fideles
1077 3206 1085 3255 3
1108 3186 1147 3244 ait
1156 3187 1233 3243 enim
1243 3187 1278 3243 de

82 3279 271 3352 quibusdamz
295 3290 314 3317 ‘⁴
326 3281 373 3339 Ex
388 3282 472 3338 uobis
486 3281 662 3358 prodierunt,
677 3283 728 3340 se'd
743 3302 798 3340 non
815 3291 894 3340 erant
908 3301 946 3340 ex
960 3283 1060 3351 nobis3
1082 3282 1188 3341 namsi
1210 3281 1278 3340 fuis·

82 3386 143 3435 sent
155 3394 194 3434 ex
203 3377 297 3460 nobis,
313 3378 536 3454 permansissent
548 3379 647 3450 utique
663 3378 863 3436 nobiscum.”⁸

81 3533 159 3583 whom
168 3533 242 3582 albeit
250 3532 308 3596 they
315 3533 411 3583 consess
418 3533 476 3598 they
487 3534 574 3598 persist
585 3533 676 3596 always
684 3533 711 3581 in
720 3526 787 3580 some
799 3531 930 3590 Misdeeds,
937 3532 986 3580 and
992 3533 1132 3582 sometimes
1139 3533 1166 3582 iu
1173 3531 1279 3584 heincus

82 3621 139 3679 elna,
150 3635 177 3668 as
188 3618 210 3667 is
220 3619 334 3669 manifest
344 3619 371 3671 in
382 3611 484 3670 Darid’e
495 3619 604 3686 adultery
617 3617 665 3668 and
677 3615 788 3676 murder,
804 3624 847 3682 yet
858 3615 916 3679 they
928 3623 1004 3664 essert
1020 3623 1045 3664 to
1056 3618 1086 3665 be
1096 3616 1212 3683 persectly
1230 3617 1280 3669 aud

81 3704 169 3768 wholly
177 3702 311 3768 justified.”
383 3711 386 3715 ’

84 3850 87 3856 7
112 3792 152 3858 (l)
171 3789 191 3838 Ι.
204 3789 316 3841 loamiii.
330 3792 354 3839 o

113 3876 150 3941 (2)
169 3874 201 3923 V.
209 3873 233 3924 9.
322 3880 327 3888 ·

113 3961 152 4025 (a)
174 3957 204 4006 u.
215 3958 241 4007 u.
255 3961 277 4006 1.

112 4045 150 4107 (4)
167 4041 269 4093 Ibidem.

114 4130 154 4195 (o)
171 4128 204 4179 11.
215 4131 257 4177 aa.
385 4193 388 4197 ⁴

111 4215 148 4274 (6)
168 4212 278 4262 Consule
289 4210 468 4261 Tertullianum
481 4212 496 4260 1.
510 4210 540 4260 de
557 4210 681 4275 pudicitie,
692 4225 712 4260 c.
734 4211 772 4258 19.
808 4206 940 4271 Augustin-
958 4205 984 4257 in
1000 4222 1038 4272 ep.
1053 4210 1074 4259 1.
1090 4205 1235 4256 Joaniitn.
1253 4209 1277 4254 8.

77 4291 268 4361 Hieronymum,
280 4294 295 4344 l.
306 4294 331 4343 ii.
341 4294 394 4343 adv.
405 4294 420 4343 J
422 4294 529 4344 orinian.
1284 4297 1299 4316 ·'

116 4380 155 4444 (7)
173 4379 234 4429 L.ii.
247 4377 433 4428 oduluvinian.

115 4467 154 4533 (8)
173 4463 193 4514 Ι.
204 4462 311 4513 sconii.
322 4464 363 4512 19.

153 4546 161 4560 Ι
