2730 5018
216 232 219 237 ’
299 246 357 307 un
377 197 543 307 nunnus
563 246 610 305 tn
632 244 818 304 onntsro
838 242 1033 303 aaronis.
1206 247 1265 303 aaa

92 406 200 471 ndentes
224 420 325 462 corum
340 405 464 480 majores
489 403 543 461 hac
557 402 592 461 de
607 421 636 460 re
658 402 828 469 habuerunt,
841 401 935 459 verbis
950 399 1079 476 apprime
1095 396 1263 466 Catholicis,

95 504 160 567 nhnc
173 501 396 568 enuntiantibus,
412 502 441 558 iu
455 501 515 558 suis
530 499 659 558 formulis
674 509 703 556 et
717 498 839 576 publicis
853 496 1057 555 documentis.¹
1092 494 1209 554 Utinam
1223 495 1266 553 sic

95 598 228 683 panonnia
242 597 346 657 avitam
361 608 392 655 et
405 597 601 675 Apostolicam
617 595 815 655 aemularentur
830 592 938 657 fidem!

538 798 541 803 '
560 790 775 832 CONSEDTARM·

119 937 176 992 111.
203 929 282 990 Unio
297 929 482 1011 hypostatica
496 938 540 987 est
553 931 639 1007 igitur
652 929 770 988 duarum
785 937 957 997 naturarum,
967 926 1071 987 divino
1085 938 1113 985 ot
1123 926 1267 994 humanae,

92 1037 169 1096 iruna
181 1029 274 1087 Verbi
288 1047 412 1105 persona
425 1028 598 1104 conjunctio,
614 1027 733 1085 servatis
747 1026 895 1099 utriusque
910 1035 1017 1084 natura
1037 1023 1267 1103 proprietatibus.

93 1127 149 1191 Unio
158 1124 206 1182 itt·
220 1123 384 1182 immediate
399 1124 427 1181 in
443 1141 566 1199 persona
577 1123 666 1180 Verbi
681 1122 755 1179 iacta
769 1130 822 1188 est,
836 1139 899 1194 qnae
911 1121 1063 1179 humanam
1077 1129 1205 1177 naturam
1216 1125 1269 1174 ter·

91 1223 168 1288 aiunt,
181 1229 212 1276 et
224 1219 369 1277 actionum
385 1218 582 1283 hnmanamm,
597 1218 670 1274 sicut
684 1227 713 1274 et
725 1215 898 1285 divinarum,
908 1226 953 1273 est
966 1215 1149 1292 principium.
1187 1209 1271 1269 Nihil

90 1328 162 1381 atem
177 1316 232 1373 hac
243 1314 351 1373 mione
366 1314 468 1372 divina
483 1327 588 1372 naturae
604 1313 712 1371 accedit
722 1333 738 1381 ;.
754 1312 806 1370 sed
827 1321 927 1371 natura
947 1312 1072 1371 bumana
1093 1310 1269 1372 terminatur,

90 1415 168 1477 tirius
179 1411 285 1470 donata
298 1412 498 1470 subsistentia„
534 1411 662 1469 Persona
678 1410 938 1487 Verbi,„assumpta
958 1410 1082 1468 humana
1096 1418 1204 1472 natura,
1220 1421 1272 1481 per

89 1526 138 1569 am
149 1505 262 1583 operari
274 1504 372 1582 erepit,
387 1515 512 1579 cratque·
519 1504 706 1582 principium
721 1504 800 1582 qnod
824 1506 1001 1583 operabatur.
1045 1502 1162 1580 Duplici
1176 1510 1272 1558 autem

90 1614 155 1681 pasto
167 1600 392 1677 operabatur‚‚in
407 1611 525 1673 utraque
540 1599 651 1657 scilicet
664 1609 773 1668 natura,
789 1619 853 1673 qum
862 1599 1051 1678 principium
1065 1615 1122 1676 quo
1137 1596 1272 1674 operaba-

90 1715 126 1761 tnn
141 1697 247 1756 ideirco
271 1696 383 1755 dicitur.
436 1697 594 1770 Nunquam
617 1708 710 1755 nutem
737 1697 928 1775 concipienda
948 1707 993 1756 est
1011 1696 1136 1754 humana
1161 1691 1272 1751 Christi

90 1808 201 1858 naturas
215 1812 336 1870 persona
350 1793 447 1851 divina
467 1795 607 1871 sejuncta,
624 1813 689 1852 nam
710 1795 775 1870 ipso
791 1813 849 1867 quo
864 1805 956 1851 creata
970 1804 1014 1851 est
1028 1793 1187 1851 humanitas
1203 1803 1273 1849 tem·

91 1892 151 1972 poris
165 1899 322 1957 momento,
337 1899 484 1964 assumpta
498 1898 566 1946 esta
579 1889 686 1956 Verbo,
700 1909 752 1946 nco
767 1904 891 1962 unquam
902 1888 1045 1965 propriam
1055 1887 1153 1946 habuit
1166 1886 1273 1944 subsis-

92 1986 200 2048 tentiam.
241 1987 296 2045 hot
309 1986 394 2063 igitur
405 1986 473 2045 unio
486 1986 665 2063 hypostatica
674 1985 801 2064 physico
813 1995 842 2043 et
852 1983 1071 2053 substantialia,
1083 2003 1141 2043 oon
1156 1983 1272 2043 moralis

93 2066 280 2143 tautummodo.

124 2180 184 2237 112.
205 2174 255 2234 Ex
269 2176 374 2233 unione
388 2176 569 2253 hypostatica
591 2177 723 2250 sequitur·
740 2177 942 2254 proprietatum
962 2176 1110 2249 ntriusqpe
1124 2185 1229 2235 nature
1245 2177 1286 2246 in,

93 2274 308 2351 iitinapersona
321 2273 552 2340 communicatio,
568 2292 631 2346 quae
652 2272 838 2332 idiomatum.
848 2272 1076 2332 communicatio
1090 2273 1124 2331 in
1144 2279 1275 2351 concreto

94 2368 266 2445 aTheologia
283 2367 389 2427 scholae
404 2368 461 2427 dici
475 2370 633 2427 consuevit.
676 2371 773 2436 Quum
795 2370 873 2428 enim
887 2370 988 2428 intima
1009 2371 1048 2428 sit
1061 2368 1180 2427 duarum
1195 2379 1276 2428 natu·

96 2484 172 2526 nrum
194 2464 224 2522 in
245 2462 343 2522 divina
368 2465 455 2523 Verbi
479 2484 602 2542 persona
622 2467 701 2534 unio,
723 2467 784 2525 haec
804 2467 951 2539 utriusque
973 2466 1157 2544 proprietates
1178 2466 1274 2524 habet.

96 2562 145 2623 Hac
156 2561 190 2620 de
203 2580 290 2619 causa
302 2560 380 2621 idem
395 2561 474 2620 Deus
489 2571 575 2620 estet
595 2564 693 2630 homo,
709 2562 838 2621 infinitus
859 2572 892 2620 et
907 2563 1025 2620 finitos..
1059 2571 1078 2598 ‘⁴
1091 2563 1213 2638 Rropter
1226 2581 1276 2620 en·

95 2667 166 2717 ianm
179 2666 333 2734 msumpnc
348 2656 451 2727 carnis,
466 2659 695 2732 assumentisqua
717 2656 871 2715 divinitatis
894 2657 1031 2714 nauatam
1047 2666 1145 2714 mutuo
1160 2657 1277 2714 uomina

41 2762 42 2767 ’
92 2761 278 2831 permutantur,
293 2766 324 2809 nt
337 2752 415 2825 quod
429 2752 586 2812 humanum
602 2763 646 2811 eat
658 2754 766 2821 divino,
779 2751 855 2825 quod
867 2751 1052 2809 divionum
1065 2751 1190 2810 hnmano
1205 2770 1276 2811 nnn.-

93 2844 217 2925 cupetnr.‘
229 2847 248 2878 ¹'
281 2845 324 2904 lta
339 2846 497 2925 Gregorius
508 2849 673 2925 Nyssenus.

123 2944 185 2999 tta.
207 2951 227 2978 ‘⁴
240 2940 326 3000 Unde
341 2940 444 3008 illud,''
460 2943 553 3015 inquit
566 2944 597 3001 S.
614 2945 794 3009 Anuaosrus,
811 2950 831 2978 ‘⁶
841 2940 918 3014 quod
932 2941 1037 3000 tectum
1051 2948 1105 3009 est,
1118 2940 1277 3000 Dominum

90 3039 231 3116 majestatis
246 3040 415 3101 crucifixum
432 3058 507 3108 esse,
520 3060 576 3099 oon
590 3040 672 3113 quasi
686 3041 715 3097 in
731 3040 876 3116 majestate
888 3057 940 3095 sna
950 3038 1118 3097 crucifixum
1132 3048 1276 3114 putemus.

87 3135 137 3195 oet
159 3136 226 3210 qnia
252 3134 328 3194 idem
351 3135 443 3205 Deus,
467 3135 543 3195 idem
567 3137 665 3204 homo,
690 3135 823 3196 Christus
846 3136 932 3195 Jesns
960 3135 1101 3195 Dominus
1122 3137 1278 3213 majestatis

41 3290 43 3297 ,
86 3229 179 3288 dieitrrr
193 3230 368 3299 crucifixum
384 3232 451 3303 quia
465 3250 584 3289 consors
598 3233 744 3304 utriusque
762 3243 877 3299 naturae,
892 3229 922 3288 id
936 3241 980 3288 est
994 3231 1125 3290 humana
1140 3242 1224 3305 atque
1238 3233 1279 3292 di·

86 3324 161 3392 vina,
176 3324 206 3381 in
220 3334 321 3383 natura
336 3325 463 3384 hominia
476 3326 563 3384 subiit
575 3327 751 3403 passionem,
771 3338 801 3384 ut
811 3325 963 3385 indiscrete
975 3337 1004 3384 et
1018 3327 1161 3387 Dominus
1176 3332 1279 3407 majos·

85 3419 142 3476 tatis
156 3419 267 3477 dicatur
280 3421 526 3496 esseqni'passus
541 3434 594 3488 est,
610 3433 638 3479 at
659 3422 734 3479 filins
756 3421 892 3484 hominis.
909 3423 984 3480 sicut
997 3423 1135 3499 scriptum
1151 3435 1204 3493 est,
1229 3428 1280 3498 qui

86 3513 229 3573 descendit
243 3516 278 3573 dc
294 3516 414 3574 coto.”³
454 3518 586 3575 Attamen
612 3536 721 3595 mapnae
744 3518 871 3575 excitatae
893 3528 960 3573 sunt
984 3519 1058 3574 sexti
1080 3521 1177 3576 saeculi
1198 3522 1280 3581 initio

83 3610 180 3675 turbae,
192 3611 341 3669 monachis
354 3612 523 3686 qmbusdam
538 3614 656 3690 Scythis
668 3615 742 3671 hanc
751 3612 894 3670 tuentibus
909 3612 1153 3686 propositionem:
1174 3615 1280 3675 “Unus

81 3704 114 3763 de
127 3706 271 3764 'i'riuitatc
283 3725 391 3783 passus
406 3719 433 3765 et
453 3710 607 3767 crucifixus
631 3721 674 3767 est
697 3708 814 3767 carne.’'
854 3707 1131 3783 'theopaschitarnm
1150 3709 1278 3781 haeresis,

80 3802 128 3874 qui
140 3800 269 3860 divinam
286 3815 541 3878 naturampassam
556 3804 696 3873 dicebant,
712 3806 797 3864 latere
812 3806 864 3863 snb
879 3805 914 3861 iis
930 3803 1046 3860 vocibus
1062 3806 1207 3864 nonnuliis
1221 3811 1280 3868 visa

78 3906 136 3956 ut:
153 3896 206 3955 sed
221 3915 252 3955 re
267 3898 370 3956 melius
385 3899 541 3976 explorata,
557 3902 672 3978 probata
688 3915 736 3958 est
747 3900 903 3977 propositio
918 3898 1023 3957 Joanni
1038 3899 1076 3958 11.
1090 3900 1249 3963 Pontifici.⁴

112 4089 156 4155 (t)
179 4086 341 4156 Unity-nine
360 4089 472 4152 astino,
484 4093 536 4142 Art.
554 4092 578 4142 11.
613 4092 801 4162 Βνεεὺμίενὶαη.»
812 4091 962 4163 &castanon
978 4091 1094 4162 offoittt,
1109 4095 1148 4146 ch
1160 4096 1208 4148 viit
1221 4102 1244 4160 ς.
1255 4103 1281 4153 ii.

76 4173 196 4239 baptista
208 4182 233 4237 et
244 4174 397 4226 Methodistn
410 4193 452 4242 pro
466 4193 532 4227 more
544 4177 618 4228 duces
629 4196 688 4230 suos
698 4187 841 4245 sequuntur.

111 4260 159 4325 (2)
178 4259 227 4323 Ep.
239 4260 271 4310 ati
282 4260 414 4326 Theophil.
424 4279 466 4328 ep.
475 4263 547 4314 Aiax.

111 4343 159 4409 (3)
177 4344 292 4395 Ambron
303 4346 319 4395 t.
331 4345 357 4395 ii.
368 4346 456 4397 deiide
467 4364 489 4399 c.
500 4350 525 4396 4.

112 4428 159 4494 (4)
178 4428 243 4480 vnto
257 4431 312 4496 ejus
323 4430 413 4483 litteras
426 4434 456 4483 ad
467 4433 599 4486 Justiuiao.
612 4433 667 4499 imp
686 4451 726 4485 an.
738 4437 804 4484 534..

632 4525 688 4578 20*
