2730 5018
258 402 267 413 .
359 304 417 367 DE
436 306 539 399 JESU
561 308 734 371 CHRISTI
755 312 1015 378 utvtrttrt'tn.
1244 332 1281 388 ot

121 464 175 523 ld.
197 463 399 525 cststsstmsm
413 464 481 525 Filii
506 450 673 543 dignitatem
693 486 781 544 quum
804 470 903 530 Ariani
923 472 1165 545 intercutaneum
1189 482 1285 551 Deam

82 561 229 636 appellite
238 560 314 620 haud
322 558 488 630 renuebant,
498 582 584 622 sensu
595 568 690 622 minen
699 566 794 623 minus
805 569 913 627 stricto.
934 571 964 628 N
967 571 1048 631 iceni
1057 578 1171 636 concilii
1183 579 1282 640 Patres

84 654 120 713 «t
133 674 222 715 omno
237 655 392 727 tollendum
407 656 546 736 effugium
561 678 626 717 eum
637 678 769 728 ομωυσων,
781 662 890 721 scilicet
901 666 1190 738 consubstantialem,
1206 673 1284 733 Patri

85 750 308 821 declaraverunt,
322 774 392 811 moto
410 753 488 813 enim
503 753 684 820 substantio,
707 772 771 822 seu,
792 763 904 817 nutura
927 762 1096 836 explicatur.
1138 766 1281 842 Symbola

86 846 170 923 igitur
183 849 307 924 professi
321 858 389 907 sunt
401 867 434 906 se
447 848 573 918 credere,
591 859 611 886 ¹⁴
622 850 654 908 iu
666 869 755 908 uuum
770 851 929 912 Dominum
943 856 1044 916 Iesum
1060 859 1220 929 Christum,
1236 864 1284 922 Fi-

86 942 154 1001 lium
163 942 231 1011 Dei,
243 945 373 1021 genitum
383 963 422 1005 ex
432 945 517 1003 Patre
529 947 716 1023 unigenitum,
726 946 782 1004 hoc
790 957 844 1016 est,
856 968 892 1007 ex
902 954 1057 1012 substantia
1069 956 1172 1024 Patria
1188 946 1282 1018 Deum

87 1057 122 1097 ex
135 1038 210 1106 Deo,
223 1040 321 1099 lumen
335 1060 373 1100 ex
386 1041 505 1110 lumine,
519 1041 613 1100 Βουιιι
625 1042 722 1101 verum
735 1062 772 1101 ex
782 1044 847 1102 Deo
858 1065 944 1116 vero;
957 1051 1083 1125 genitum
1095 1072 1152 1112 non
1166 1056 1282 1124 lactrrrn,

86 1136 354 1195 consubstantialem
369 1138 458 1206 Patri,
472 1156 624 1214 perquem
638 1139 734 1197 omnia
748 1139 820 1197 lacta
834 1152 909 1209 sunt,
924 1145 984 1201 sive
999 1166 1062 1219 que
1075 1149 1103 1206 in
1120 1151 1204 1218 coelst,
1220 1153 1281 1209 sire

85 1226 190 1302 quein
207 1241 281 1289 terra
293 1232 393 1291 suut)'
433 1234 479 1292 Ad
493 1234 616 1292 Arianos
634 1236 751 1311 penitus
772 1239 960 1296 conterendos
974 1241 1155 1318 adjecerunt:
1179 1247 1280 1306 “Illos

83 1328 147 1389 rcrd
161 1332 345 1405 quidicunt:
380 1331 455 1392 stato
467 1330 628 1410 ιὶίᾳιιαιιᾶο
643 1352 711 1392 cum
724 1351 785 1392 non
799 1344 894 1394 osset.-
915 1347 960 1395 et:
976 1338 1147 1416 Antequam
1160 1338 1281 1419 genitus

81 1432 197 1485 estnon
210 1435 283 1495 erut,
295 1426 390 1487 etEn
401 1446 463 1487 non
474 1428 681 1496 existentibus,
697 1431 760 1489 siue
774 1448 811 1487 eo·
818 1431 1033 1511 nibilo,soctus
1043 1444 1099 1505 est,·
1113 1438 1155 1494 rel
1165 1439 1212 1509 qui
1227 1440 1281 1497 Ilei

77 1520 189 1579 Filium
206 1542 243 1581 ex
258 1523 312 1581 alia
324 1523 477 1600 hypostasi
491 1524 537 1582 vel
550 1525 706 1582 substantia
723 1544 797 1590 esse,
813 1537 861 1584 aut
874 1543 998 1586 creatum
1013 1549 1088 1592 esse.
1103 1543 1151 1589 aut
1166 1535 1277 1602 mutari,

78 1616 126 1676 rel
139 1619 272 1676 converti
286 1637 374 1694 posse
387 1619 524 1686 sentiunt,
539 1619 718 1678 anathemate
733 1607 797 1678 serit
809 1621 948 1679 catholica
962 1624 1139 1683 Ecclesia”²

119 1718 172 1772 47.
193 1721 308 1777 mnenon
326 1722 389 1788 pro'
401 1714 559 1772 substantia
576 1714 728 1787 aliquando
751 1718 945 1790 usurpabatur,
961 1719 1001 1774 uti
1022 1719 1051 1776 In
1072 1739 1138 1777 mox
1161 1722 1279 1781 laudatis

74 1809 179 1889 verbis
192 1808 288 1866 videre
301 1809 379 1877 licet,
398 1808 450 1866 sed
464 1820 565 1885 postea
584 1828 653 1866 usus
668 1811 788 1867 obtinuit
801 1820 833 1866 ut
848 1828 1009 1886 personum
1029 1813 1198 1889 designaret,
1213 1837 1281 1873 moso

76 1923 134 1983 pro
150 1916 262 1972 natura,
276 1906 412 1973 essentia,
426 1922 477 1963 seu
499 1906 667 1972 substantia,
682 1905 817 1962 adhibita.
860 1905 973 1963 Vocum
995 1910 1162 1985 ambiguitas
1184 1913 1280 1985 gravia

77 2019 301 2074 nonnumquam
316 2000 428 2076 peperit
440 1999 583 2058 dissidia·
621 1999 757 2058 Persona
770 2019 821 2056 seu
835 2018 963 2063 semrom
977 2021 993 2056 a
1007 2005 1162 2061 subeuntia
1181 2006 1279 2063 ‹listin-

77 2100 178 2177 guitur
191 2100 220 2156 in
243 2117 279 2156 eo
302 2107 409 2155 tantum
432 2096 509 2170 quod
530 2114 653 2173 persona
679 2097 717 2153 sit
740 2098 897 2154 substantia
914 2099 1075 2175 intelligens
1090 2103 1232 2177 completa
1251 2116 1281 2160 et

78 2196 125 2254 aui
142 2191 244 2271 jurIs.¹
270 2193 362 2270 Igitur
375 2193 512 2251 in-cebus
532 2193 634 2250 creatis
649 2191 849 2269 personalitas
864 2202 908 2249 est
930 2211 1006 2250 mera
1030 2198 1142 2272 negatio
1165 2200 1279 2256 unionis

81 2308 147 2348 cum
163 2290 217 2347 alia
230 2289 387 2346 substantia
400 2307 417 2345 a
430 2306 487 2361 qua
500 2286 641 2364 pendeat:
662 2288 691 2345 in
707 2273 771 2345 Deo
792 2303 884 2344 autem
900 2300 944 2345 est
964 2291 1080 2360 quidem
1102 2293 1196 2364 aliqua
1218 2313 1280 2370 per·

83 2386 177 2450 lectio,
192 2402 251 2442 non
262 2401 303 2450 re,
319 2382 370 2440 sed
385 2383 496 2450 virtute,
505 2384 541 2440 ab
551 2383 676 2440 essentia
689 2382 784 2439 divina
793 2383 936 2440 distincta.
962 2383 1162 2444 Subsistentio
1176 2399 1205 2444 ct
1213 2406 1280 2464 per·

83 2479 226 2540 mundius
239 2478 316 2538 idem
332 2489 446 2545 sonant,
460 2479 590 2552 quamvis
605 2478 702 2536 illaad
722 2479 799 2536 entia
813 2479 922 2536 ratione
941 2481 1073 2548 carentia,
1090 2502 1155 2555 quae
1175 2502 1280 2561 suppo·

83 2579 184 2646 citum
199 2595 259 2635 non
272 2594 436 2653 personam,
450 2575 554 2634 habere
565 2575 706 2641 dicuntur,
722 2574 898 2650 designanda
919 2577 1085 2651 plenumque
1102 2580 1277 2638 adhibeatur.

85 2672 165 2740 Hac,
179 2670 215 2729 ad
234 2667 382 2729 mactatum
405 2669 441 2728 de
462 2669 604 2728 Trinitate
627 2670 805 2746 pertinentis,
822 2670 943 2726 breviter
965 2671 1124 2728 adnotanda
1150 2674 1196 2730 hle
1218 2676 1279 2731 vise

84 2778 156 2837 aunt,
170 2778 203 2826 ut
215 2787 279 2840 quae
293 2767 329 2825 de
344 2766 440 2824 Verbo
453 2765 606 2823 humanam
622 2777 750 2823 naturam
760 2777 934 2822 *assumente
955 2764 1096 2832 (licuntur,
1112 2768 1215 2824 clarius
1237 2771 1279 2827 in-

83 2865 252 2940 telligantur.

120 2964 168 3016 ts.
192 2959 221 3011 ’0
233 2967 311 3029 Λογος
322 2958 356 3015 ab
370 2957 440 3015 Ario
453 2957 660 3034 intelligebatur
675 2969 800 3015 creatura
821 2955 949 3029 quedam
972 2958 1203 3032 prestantissima
1218 2960 1277 3017 An·

83 3054 157 3132 gelos
173 3054 364 3125 hoquesquo
377 3052 462 3129 longe
477 3070 625 3129 superans,
641 3071 696 3125 qua
711 3071 780 3109 usus
795 3064 839 3109 est
852 3052 932 3110 Deus
948 3053 1034 3109 veluti
1050 3055 1180 3111 mmistre
1195 3068 1223 3111 et
1234 3056 1278 3113 iu·

81 3162 239 3208 strumento
259 3150 294 3207 ad
310 3134 425 3208 ceteras
439 3168 486 3208 reo
506 3159 614 3207 creatae
637 3133 826 3207 condendas
866 3149 963 3213 Hunc,
978 3168 1063 3221 quem
1090 3151 1125 3207 ab
1145 3144 1278 3210 interioie

80 3246 135 3305 Dei
149 3260 223 3322 Λογω
236 3266 288 3305 sen
303 3247 452 3323 sapientia,
467 3245 667 3322 distInguebat,
682 3246 711 3302 in
726 3245 852 3302 humano
871 3257 971 3302 natura
984 3265 1057 3320 opus
1072 3246 1277 3322 redemptionis

78 3345 193 3417 generis
218 3342 334 3421 humani
355 3341 510 3416 perfecisse
525 3339 645 3398 dicebat.
687 3340 714 3396 Α
737 3339 949 3407 ΒοιοιιιιιϋΙῑοι,
971 3341 1043 3397 iuter
1066 3340 1277 3411 Rationalistas,
1307 3340 1312 3417 ,ἕ

77 3437 182 3496 dicitur
195 3436 227 3490 ’0
239 3447 316 3510 Αογος
328 3438 409 3496 Deus
424 3437 518 3495 vocari
533 3445 553 3473 ‘⁶
562 3437 600 3494 ob
614 3446 740 3493 naturam
756 3436 820 3494 Deo
842 3437 1001 3512 proximam
1023 3448 1052 3493 et
1065 3438 1276 3498 simillimam.’'

116 3536 168 3589 49.
192 3532 330 3590 Unitariis
352 3532 496 3608 plerisque
517 3530 623 3606 placuit
636 3530 670 3586 ab
686 3531 746 3588 Arii
761 3531 901 3587 sententia
920 3530 1005 3605 longe
1020 3530 1175 3598 discedere,
1192 3552 1277 3605 quam
1303 3514 1309 3547 ³

78 3628 195 3685 affinem
211 3645 276 3684 esse
302 3626 458 3685 Platonicis
479 3626 591 3702 placitis
605 3636 725 3682 constat.
767 3625 875 3683 Dicunt
890 3624 1029 3688 ttonnulli,
1050 3637 1117 3698 post
1133 3625 1276 3695 Grotium,

78 3725 111 3782 S.
127 3724 235 3782 Joanni
256 3723 434 3799 propositum
460 3722 549 3780 fuisse
570 3741 694 3780 errorem
720 3721 755 3778 de
777 3721 906 3777 AEonea
927 3720 990 3778 Deo
1011 3720 1146 3778 distincto
1169 3722 1276 3791 tollere,

77 3819 156 3877 etad
183 3820 275 3894 ipsam
300 3817 403 3876 referre
428 3819 597 3895 sapientiam
615 3829 644 3875 et
662 3817 817 3894 potentiam
838 3815 963 3872 diuinam
987 3833 1050 3887 que
1073 3834 1220 3891 perperam
1243 3819 1278 3876 de

76 3927 208 3974 creatura
221 3912 455 3991 predicabantur.
496 3919 546 3967 Τον
557 3920 636 3983 noym
652 3913 737 3990 igitur
757 3913 974 3988 Interpretantur
988 3911 1080 3985 ipsam
1096 3910 1151 3967 Dei
1165 3913 1277 3988 sapien-

113 4150 151 4211 (1)
170 4145 251 4209 Apud.
264 4144 356 4193 Socrat.
367 4143 423 4192 hist.
435 4141 503 4192 Eecl.
515 4142 590 4192 lic.
602 4146 626 4192 8.

113 4235 151 4294 (2)
166 4231 233 4280 Inter
251 4227 380 4278 Meletium
391 4236 416 4278 ot
434 4227 577 4287 Paulinum,
588 4235 718 4290 utrumque
735 4241 794 4275 saue
806 4225 957 4286 sentientem,
968 4225 999 4274 do
1016 4225 1092 4274 tribuo
1108 4224 1279 4289 hypostasibus
1309 4255 1311 4261 ι

78 4317 234 4366 vehementer
244 4315 393 4378 disputatum
405 4321 450 4374 est,
459 4313 560 4362 Oriente
571 4321 596 4362 et
609 4313 741 4362 Occidente
750 4319 800 4361 toto
812 4327 840 4360 oa
848 4312 974 4361 occasione
985 4310 1119 4362 commotis
1137 4310 1200 4360 Vide
1208 4312 1280 4364 Mon·

80 4412 182 4464 tarnum
193 4417 235 4466 qu.
249 4404 288 4450 10.
299 4408 342 4450 art.
356 4402 378 4448 l.
390 4399 430 4450 cit
441 4399 536 4450 dissert.
555 4402 577 4448 l.
594 4399 682 4464 previa
699 4399 728 4449 de
746 4399 816 4449 Stura
832 4397 955 4450 Trinitato
967 4406 982 4449 t.
995 4403 1018 4448 8.
1036 4386 1176 4460 Theologia
1193 4415 1279 4451 curam
1308 4464 1311 4471 Ι

1302 4474 1311 4498 t

81 4488 221 4552 completus.
475 4542 481 4555 ¹

115 4573 153 4632 (³)
170 4569 234 4620 Vide
245 4569 374 4620 Petusium
384 4567 415 4618 dc
426 4565 547 4619 Trinitate
558 4567 574 4619 l.
587 4570 609 4618 1.
620 4583 643 4618 c.
653 4566 712 4635 viii]
