<?xml version="1.0" encoding="UTF-8"?>
<!DOCTYPE html PUBLIC "-//W3C//DTD XHTML 1.0 Transitional//EN"
    "http://www.w3.org/TR/xhtml1/DTD/xhtml1-transitional.dtd">
<html xmlns="http://www.w3.org/1999/xhtml" xml:lang="en" lang="en">
 <head>
  <title>
</title>
<meta http-equiv="Content-Type" content="text/html;charset=utf-8" />
  <meta name='ocr-system' content='tesseract 3.04.00' />
  <meta name='ocr-capabilities' content='ocr_page ocr_carea ocr_par ocr_line ocrx_word'/>
</head>
<body>
  <div class='ocr_page' id='page_1' title='image "./theologidogmati01kenrgoog_0339.png"; bbox 0 0 2730 5018; ppageno 0'>
   <div class='ocr_carea' id='block_1_1' title="bbox 118 242 942 330">
    <p class='ocr_par' dir='ltr' id='par_1_1' title="bbox 118 242 942 330">
     <span class='ocr_line' id='line_1_1' title="bbox 118 242 942 330; baseline -0.002 -22"><span class='ocrx_word' id='word_1_1' title='bbox 118 256 178 310; x_wconf 80' lang='grc'><strong>313</strong></span> <span class='ocrx_word' id='word_1_2' title='bbox 236 286 247 299; x_wconf 85' lang='grc'><strong>.</strong></span> <span class='ocrx_word' id='word_1_3' title='bbox 497 242 554 303; x_wconf 83' lang='lat' dir='ltr'><strong>os:</strong></span> <span class='ocrx_word' id='word_1_4' title='bbox 576 242 942 330; x_wconf 80' lang='lat' dir='ltr'><strong>ursrosrrrottmus</strong></span> 
     </span>
    </p>
   </div>
   <div class='ocr_carea' id='block_1_2' title="bbox 66 394 1363 2597">
    <p class='ocr_par' dir='ltr' id='par_1_2' title="bbox 66 394 1320 1148">
     <span class='ocr_line' id='line_1_2' title="bbox 120 394 1318 477; baseline 0.002 -13"><span class='ocrx_word' id='word_1_5' title='bbox 120 405 254 465; x_wconf 83' lang='lat' dir='ltr'><strong>Mosaios</strong></span> <span class='ocrx_word' id='word_1_6' title='bbox 266 401 331 460; x_wconf 91' lang='lat' dir='ltr'><strong>data</strong></span> <span class='ocrx_word' id='word_1_7' title='bbox 343 410 413 468; x_wconf 86' lang='lat' dir='ltr'><strong>erat,</strong></span> <span class='ocrx_word' id='word_1_8' title='bbox 425 394 482 461; x_wconf 78' lang='lat' dir='ltr'><strong>sed</strong></span> <span class='ocrx_word' id='word_1_9' title='bbox 492 417 528 457; x_wconf 85' lang='lat' dir='ltr'><strong>ex</strong></span> <span class='ocrx_word' id='word_1_10' title='bbox 543 398 599 458; x_wconf 85' lang='lat' dir='ltr'><strong>fide</strong></span> <span class='ocrx_word' id='word_1_11' title='bbox 614 410 673 458; x_wconf 91' lang='lat' dir='ltr'><strong>orta</strong></span> <span class='ocrx_word' id='word_1_12' title='bbox 687 413 740 469; x_wconf 89' lang='lat' dir='ltr'><strong>est,</strong></span> <span class='ocrx_word' id='word_1_13' title='bbox 752 402 874 477; x_wconf 86' lang='lat' dir='ltr'><strong>ideoque</strong></span> <span class='ocrx_word' id='word_1_14' title='bbox 889 422 926 462; x_wconf 90' lang='lat' dir='ltr'><strong>ex</strong></span> <span class='ocrx_word' id='word_1_15' title='bbox 940 422 974 462; x_wconf 87' lang='lat' dir='ltr'><strong>ea</strong></span> <span class='ocrx_word' id='word_1_16' title='bbox 989 415 1076 465; x_wconf 87' lang='lat' dir='ltr'><strong>totam</strong></span> <span class='ocrx_word' id='word_1_17' title='bbox 1090 424 1174 465; x_wconf 84' lang='lat' dir='ltr'><strong>sunm</strong></span> <span class='ocrx_word' id='word_1_18' title='bbox 1190 405 1318 466; x_wconf 83' lang='lat' dir='ltr'><strong>virtutem</strong></span> 
     </span>
     <span class='ocr_line' id='line_1_3' title="bbox 66 492 1320 574; baseline -0.001 -14"><span class='ocrx_word' id='word_1_19' title='bbox 66 492 81 509; x_wconf 57' lang='lat'><strong>²</strong></span> <span class='ocrx_word' id='word_1_20' title='bbox 121 497 267 560; x_wconf 79' lang='lat' dir='ltr'>derivavit.</span> <span class='ocrx_word' id='word_1_21' title='bbox 300 505 318 533; x_wconf 81' lang='lat'><strong>‘⁴</strong></span> <span class='ocrx_word' id='word_1_22' title='bbox 331 496 400 554; x_wconf 88' lang='lat' dir='ltr'><strong>Non</strong></span> <span class='ocrx_word' id='word_1_23' title='bbox 414 506 481 552; x_wconf 87' lang='lat' dir='ltr'><strong>suut</strong></span> <span class='ocrx_word' id='word_1_24' title='bbox 493 496 550 552; x_wconf 90' lang='lat' dir='ltr'><strong>sibi</strong></span> <span class='ocrx_word' id='word_1_25' title='bbox 560 496 706 553; x_wconf 72' lang='lat' dir='ltr'><strong>contrariu</strong></span> <span class='ocrx_word' id='word_1_26' title='bbox 718 496 839 563; x_wconf 87' lang='lat' dir='ltr'><strong>duorum</strong></span> <span class='ocrx_word' id='word_1_27' title='bbox 850 500 1056 574; x_wconf 75' lang='lat' dir='ltr'><strong>Apostolorum</strong></span> <span class='ocrx_word' id='word_1_28' title='bbox 1070 503 1227 561; x_wconf 73' lang='lat' dir='ltr'><strong>sententie</strong></span> <span class='ocrx_word' id='word_1_29' title='bbox 1242 503 1320 560; x_wconf 83' lang='lat' dir='ltr'><strong>Pauli</strong></span> 
     </span>
     <span class='ocr_line' id='line_1_4' title="bbox 121 592 1319 675; baseline 0.002 -20"><span class='ocrx_word' id='word_1_30' title='bbox 121 607 150 655; x_wconf 85' lang='lat' dir='ltr'><strong>et</strong></span> <span class='ocrx_word' id='word_1_31' title='bbox 162 595 273 663; x_wconf 87' lang='lat' dir='ltr'><strong>Jacobi,</strong></span> <span class='ocrx_word' id='word_1_32' title='bbox 288 612 353 652; x_wconf 89' lang='lat' dir='ltr'><strong>cum</strong></span> <span class='ocrx_word' id='word_1_33' title='bbox 368 592 437 650; x_wconf 93' lang='lat' dir='ltr'><strong>dicit</strong></span> <span class='ocrx_word' id='word_1_34' title='bbox 449 611 523 650; x_wconf 89' lang='lat' dir='ltr'><strong>unus</strong></span> <span class='ocrx_word' id='word_1_35' title='bbox 540 593 691 668; x_wconf 85' lang='lat' dir='ltr'><strong>justificari</strong></span> <span class='ocrx_word' id='word_1_36' title='bbox 712 593 858 652; x_wconf 88' lang='lat' dir='ltr'><strong>hominem</strong></span> <span class='ocrx_word' id='word_1_37' title='bbox 882 597 1032 671; x_wconf 84' lang='lat' dir='ltr'><strong>perfidem</strong></span> <span class='ocrx_word' id='word_1_38' title='bbox 1047 601 1111 657; x_wconf 85' lang='lat' dir='ltr'><strong>sine</strong></span> <span class='ocrx_word' id='word_1_39' title='bbox 1125 599 1273 675; x_wconf 90' lang='lat' dir='ltr'><strong>operibus,</strong></span> <span class='ocrx_word' id='word_1_40' title='bbox 1292 609 1319 657; x_wconf 86' lang='lat' dir='ltr'><strong>et</strong></span> 
     </span>
     <span class='ocr_line' id='line_1_5' title="bbox 121 686 1319 769; baseline -0.001 -18"><span class='ocrx_word' id='word_1_41' title='bbox 121 693 193 751; x_wconf 89' lang='lat' dir='ltr'><strong>alius</strong></span> <span class='ocrx_word' id='word_1_42' title='bbox 217 691 288 748; x_wconf 90' lang='lat' dir='ltr'><strong>dicit</strong></span> <span class='ocrx_word' id='word_1_43' title='bbox 300 689 424 766; x_wconf 63' lang='lat' dir='ltr'><strong>{inanem</strong></span> <span class='ocrx_word' id='word_1_44' title='bbox 448 705 512 746; x_wconf 82' lang='lat' dir='ltr'><strong>esse</strong></span> <span class='ocrx_word' id='word_1_45' title='bbox 527 686 614 744; x_wconf 84' lang='lat' dir='ltr'><strong>fidem</strong></span> <span class='ocrx_word' id='word_1_46' title='bbox 635 689 697 744; x_wconf 90' lang='lat' dir='ltr'><strong>sine</strong></span> <span class='ocrx_word' id='word_1_47' title='bbox 718 690 871 764; x_wconf 87' lang='lat' dir='ltr'><strong>operibus:</strong></span> <span class='ocrx_word' id='word_1_48' title='bbox 894 692 962 762; x_wconf 78' lang='lat' dir='ltr'><strong>quia</strong></span> <span class='ocrx_word' id='word_1_49' title='bbox 982 693 1030 751; x_wconf 88' lang='lat' dir='ltr'><strong>ille</strong></span> <span class='ocrx_word' id='word_1_50' title='bbox 1044 694 1116 752; x_wconf 92' lang='lat' dir='ltr'><strong>dicit</strong></span> <span class='ocrx_word' id='word_1_51' title='bbox 1137 694 1175 752; x_wconf 90' lang='lat' dir='ltr'><strong>de</strong></span> <span class='ocrx_word' id='word_1_52' title='bbox 1191 693 1319 769; x_wconf 86' lang='lat' dir='ltr'><strong>operibus</strong></span> 
     </span>
     <span class='ocr_line' id='line_1_6' title="bbox 122 783 1318 861; baseline 0.003 -17"><span class='ocrx_word' id='word_1_53' title='bbox 122 789 185 860; x_wconf 61' lang='lat' dir='ltr'><strong>que</strong></span> <span class='ocrx_word' id='word_1_54' title='bbox 200 785 285 844; x_wconf 84' lang='lat' dir='ltr'><strong>iidem</strong></span> <span class='ocrx_word' id='word_1_55' title='bbox 301 783 475 861; x_wconf 79' lang='lat' dir='ltr'><strong>precedunt,</strong></span> <span class='ocrx_word' id='word_1_56' title='bbox 487 784 541 841; x_wconf 89' lang='lat' dir='ltr'><strong>iste</strong></span> <span class='ocrx_word' id='word_1_57' title='bbox 555 783 590 840; x_wconf 88' lang='lat' dir='ltr'><strong>de</strong></span> <span class='ocrx_word' id='word_1_58' title='bbox 606 784 718 856; x_wconf 76' lang='lat' dir='ltr'><strong>iisque</strong></span> <span class='ocrx_word' id='word_1_59' title='bbox 734 784 820 842; x_wconf 86' lang='lat' dir='ltr'><strong>iidem</strong></span> <span class='ocrx_word' id='word_1_60' title='bbox 830 788 1095 859; x_wconf 81' lang='lat' dir='ltr'><strong>sequuntur.’&#39;²-·“</strong></span> <span class='ocrx_word' id='word_1_61' title='bbox 1106 789 1318 847; x_wconf 81' lang='lat' dir='ltr'><strong>Homineonon</strong></span> 
     </span>
     <span class='ocr_line' id='line_1_7' title="bbox 122 880 1319 960; baseline 0.001 -18"><span class='ocrx_word' id='word_1_62' title='bbox 122 885 312 960; x_wconf 72' lang='lat' dir='ltr'>intelligentes</span> <span class='ocrx_word' id='word_1_63' title='bbox 322 881 399 955; x_wconf 90' lang='lat' dir='ltr'><strong>quod</strong></span> <span class='ocrx_word' id='word_1_64' title='bbox 409 880 613 956; x_wconf 87' lang='lat' dir='ltr'><strong>sitApostolus</strong></span> <span class='ocrx_word' id='word_1_65' title='bbox 629 921 637 937; x_wconf 98' lang='lat'><strong>.</strong></span> <span class='ocrx_word' id='word_1_66' title='bbox 653 922 660 937; x_wconf 95' lang='lat'><strong>.</strong></span> <span class='ocrx_word' id='word_1_67' title='bbox 677 922 685 937; x_wconf 96' lang='lat'><strong>.</strong></span> <span class='ocrx_word' id='word_1_68' title='bbox 700 890 870 957; x_wconf 85' lang='lat' dir='ltr'><strong>putaverunt</strong></span> <span class='ocrx_word' id='word_1_69' title='bbox 880 901 946 941; x_wconf 90' lang='lat' dir='ltr'><strong>eum</strong></span> <span class='ocrx_word' id='word_1_70' title='bbox 958 885 1052 944; x_wconf 86' lang='lat' dir='ltr'><strong>dicere</strong></span> <span class='ocrx_word' id='word_1_71' title='bbox 1064 886 1180 944; x_wconf 88' lang='lat' dir='ltr'><strong>homiui</strong></span> <span class='ocrx_word' id='word_1_72' title='bbox 1194 885 1319 943; x_wconf 82' lang='lat' dir='ltr'><strong>sufficere</strong></span> 
     </span>
     <span class='ocr_line' id='line_1_8' title="bbox 121 977 1319 1052; baseline 0.002 -15"><span class='ocrx_word' id='word_1_73' title='bbox 121 979 209 1038; x_wconf 85' lang='lat' dir='ltr'><strong>tidem</strong></span> <span class='ocrx_word' id='word_1_74' title='bbox 231 1019 239 1037; x_wconf 92' lang='lat'><strong>.</strong></span> <span class='ocrx_word' id='word_1_75' title='bbox 260 1019 269 1037; x_wconf 97' lang='lat'><strong>.</strong></span> <span class='ocrx_word' id='word_1_76' title='bbox 294 1020 301 1035; x_wconf 97' lang='lat'><strong>.</strong></span> <span class='ocrx_word' id='word_1_77' title='bbox 323 978 436 1035; x_wconf 88' lang='lat' dir='ltr'><strong>etiamsi</strong></span> <span class='ocrx_word' id='word_1_78' title='bbox 450 994 537 1052; x_wconf 81' lang='lat' dir='ltr'><strong>opera</strong></span> <span class='ocrx_word' id='word_1_79' title='bbox 550 977 625 1033; x_wconf 84' lang='lat' dir='ltr'><strong>bona</strong></span> <span class='ocrx_word' id='word_1_80' title='bbox 639 995 697 1034; x_wconf 87' lang='lat' dir='ltr'><strong>nou</strong></span> <span class='ocrx_word' id='word_1_81' title='bbox 711 977 822 1044; x_wconf 84' lang='lat' dir='ltr'><strong>habeat,</strong></span> <span class='ocrx_word' id='word_1_82' title='bbox 837 978 915 1050; x_wconf 90' lang='lat' dir='ltr'><strong>quod</strong></span> <span class='ocrx_word' id='word_1_83' title='bbox 927 981 999 1039; x_wconf 83' lang='lat' dir='ltr'><strong>absit</strong></span> <span class='ocrx_word' id='word_1_84' title='bbox 1013 991 1043 1038; x_wconf 92' lang='lat' dir='ltr'><strong>ut</strong></span> <span class='ocrx_word' id='word_1_85' title='bbox 1053 982 1175 1040; x_wconf 84' lang='lat' dir='ltr'><strong>sentiret</strong></span> <span class='ocrx_word' id='word_1_86' title='bbox 1188 999 1239 1039; x_wconf 78' lang='lat' dir='ltr'><strong>vas</strong></span> <span class='ocrx_word' id='word_1_87' title='bbox 1252 981 1319 1040; x_wconf 87' lang='lat' dir='ltr'><strong>eleo·</strong></span> 
     </span>
     <span class='ocr_line' id='line_1_9' title="bbox 122 1072 1104 1148; baseline -0.009 -12"><span class='ocrx_word' id='word_1_88' title='bbox 122 1073 255 1136; x_wconf 86' lang='lat' dir='ltr'><strong>tionis.&#39;’¹</strong></span> <span class='ocrx_word' id='word_1_89' title='bbox 294 1072 367 1132; x_wconf 80' lang='lat' dir='ltr'><strong>Hoec</strong></span> <span class='ocrx_word' id='word_1_90' title='bbox 381 1073 568 1148; x_wconf 74' lang='lat' dir='ltr'><strong>Augustinus.</strong></span> <span class='ocrx_word' id='word_1_91' title='bbox 968 1126 970 1131; x_wconf 78' lang='grc'>,</span> <span class='ocrx_word' id='word_1_92' title='bbox 1102 1073 1104 1077; x_wconf 85' lang='grc'><strong>’</strong></span> 
     </span>
    </p>

    <p class='ocr_par' dir='ltr' id='par_1_3' title="bbox 121 1136 1363 1334">
     <span class='ocr_line' id='line_1_10' title="bbox 161 1136 1363 1248; baseline -0.002 -17"><span class='ocrx_word' id='word_1_93' title='bbox 161 1177 232 1231; x_wconf 83' lang='grc'><strong>313.</strong></span> <span class='ocrx_word' id='word_1_94' title='bbox 242 1149 247 1164; x_wconf 82' lang='grc'>”</span> <span class='ocrx_word' id='word_1_95' title='bbox 257 1169 324 1248; x_wconf 83' lang='lat' dir='ltr'><strong>obj.</strong></span> <span class='ocrx_word' id='word_1_96' title='bbox 340 1175 369 1229; x_wconf 81' lang='lat' dir='ltr'><strong>a.</strong></span> <span class='ocrx_word' id='word_1_97' title='bbox 392 1136 607 1227; x_wconf 66' lang='grc'><strong>(1111101110</strong></span> <span class='ocrx_word' id='word_1_98' title='bbox 623 1168 708 1226; x_wconf 74' lang='lat' dir='ltr'><strong>unm</strong></span> <span class='ocrx_word' id='word_1_99' title='bbox 724 1179 856 1228; x_wconf 72' lang='lat' dir='ltr'><strong>aenrnam</strong></span> <span class='ocrx_word' id='word_1_100' title='bbox 877 1172 988 1229; x_wconf 72' lang='lat' dir='ltr'><strong>noun:</strong></span> <span class='ocrx_word' id='word_1_101' title='bbox 1012 1170 1212 1240; x_wconf 61' lang='grc'><strong>00111310</strong></span> <span class='ocrx_word' id='word_1_102' title='bbox 1231 1172 1316 1230; x_wconf 72' lang='lat' dir='ltr'><strong>inri-</strong></span> <span class='ocrx_word' id='word_1_103' title='bbox 1361 1152 1363 1157; x_wconf 84' lang='grc'><strong>’</strong></span> 
     </span>
     <span class='ocr_line' id='line_1_11' title="bbox 121 1264 908 1334; baseline -0.008 -7"><span class='ocrx_word' id='word_1_104' title='bbox 121 1268 203 1334; x_wconf 90' lang='lat' dir='ltr'><strong>lium,</strong></span> <span class='ocrx_word' id='word_1_105' title='bbox 218 1267 303 1324; x_wconf 80' lang='lat' dir='ltr'><strong>habet</strong></span> <span class='ocrx_word' id='word_1_106' title='bbox 317 1266 401 1323; x_wconf 84' lang='lat' dir='ltr'><strong>vitam</strong></span> <span class='ocrx_word' id='word_1_107' title='bbox 417 1264 594 1322; x_wconf 59' lang='lat' dir='ltr'><strong>stornatum</strong></span> <span class='ocrx_word' id='word_1_108' title='bbox 904 1290 908 1296; x_wconf 56' lang='lat'>²</span> 
     </span>
    </p>

    <p class='ocr_par' dir='ltr' id='par_1_4' title="bbox 122 1361 1317 1902">
     <span class='ocr_line' id='line_1_12' title="bbox 161 1361 1315 1442; baseline 0 -19"><span class='ocrx_word' id='word_1_109' title='bbox 161 1368 231 1424; x_wconf 81' lang='grc'><strong>204.</strong></span> <span class='ocrx_word' id='word_1_110' title='bbox 252 1362 343 1440; x_wconf 82' lang='lat' dir='ltr'><strong>Rcap.</strong></span> <span class='ocrx_word' id='word_1_111' title='bbox 366 1361 461 1419; x_wconf 85' lang='lat' dir='ltr'><strong>Habet</strong></span> <span class='ocrx_word' id='word_1_112' title='bbox 474 1362 561 1418; x_wconf 87' lang='lat' dir='ltr'><strong>vitam</strong></span> <span class='ocrx_word' id='word_1_113' title='bbox 576 1371 720 1427; x_wconf 72' lang='grc'><strong>01310301,</strong></span> <span class='ocrx_word' id='word_1_114' title='bbox 743 1362 853 1420; x_wconf 85' lang='lat' dir='ltr'><strong>scilicet</strong></span> <span class='ocrx_word' id='word_1_115' title='bbox 866 1381 939 1439; x_wconf 83' lang='lat' dir='ltr'><strong>spe:</strong></span> <span class='ocrx_word' id='word_1_116' title='bbox 960 1374 1040 1442; x_wconf 86' lang='lat' dir='ltr'><strong>“spe</strong></span> <span class='ocrx_word' id='word_1_117' title='bbox 1061 1366 1140 1424; x_wconf 84' lang='lat' dir='ltr'><strong>enim</strong></span> <span class='ocrx_word' id='word_1_118' title='bbox 1163 1363 1236 1422; x_wconf 84' lang='lat' dir='ltr'><strong>salvi</strong></span> <span class='ocrx_word' id='word_1_119' title='bbox 1257 1364 1315 1423; x_wconf 87' lang='lat' dir='ltr'><strong>sacti</strong></span> 
     </span>
     <span class='ocr_line' id='line_1_13' title="bbox 124 1457 1317 1557; baseline 0.001 -39"><span class='ocrx_word' id='word_1_120' title='bbox 124 1458 270 1518; x_wconf 80' lang='lat' dir='ltr'><strong>sumus.”⁴</strong></span> <span class='ocrx_word' id='word_1_121' title='bbox 309 1457 395 1516; x_wconf 80' lang='lat' dir='ltr'><strong>Fides</strong></span> <span class='ocrx_word' id='word_1_122' title='bbox 410 1466 455 1514; x_wconf 85' lang='lat' dir='ltr'><strong>est</strong></span> <span class='ocrx_word' id='word_1_123' title='bbox 468 1457 533 1513; x_wconf 80' lang='lat' dir='ltr'><strong>vite</strong></span> <span class='ocrx_word' id='word_1_124' title='bbox 548 1471 658 1522; x_wconf 78' lang='lat' dir='ltr'><strong>eterne</strong></span> <span class='ocrx_word' id='word_1_125' title='bbox 671 1458 844 1533; x_wconf 88' lang='lat' dir='ltr'><strong>principium</strong></span> <span class='ocrx_word' id='word_1_126' title='bbox 859 1471 887 1516; x_wconf 92' lang='lat' dir='ltr'><strong>et</strong></span> <span class='ocrx_word' id='word_1_127' title='bbox 900 1460 1009 1557; x_wconf 68' lang='lat' dir='ltr'><strong>pignug</strong></span> <span class='ocrx_word' id='word_1_128' title='bbox 1024 1461 1219 1518; x_wconf 87' lang='lat' dir='ltr'><strong>certissimum</strong></span> <span class='ocrx_word' id='word_1_129' title='bbox 1234 1460 1260 1517; x_wconf 93' lang='lat' dir='ltr'><strong>ei</strong></span> <span class='ocrx_word' id='word_1_130' title='bbox 1273 1463 1317 1533; x_wconf 89' lang='lat' dir='ltr'><strong>qui</strong></span> 
     </span>
     <span class='ocr_line' id='line_1_14' title="bbox 123 1551 1315 1633; baseline -0.001 -19"><span class='ocrx_word' id='word_1_131' title='bbox 123 1558 185 1633; x_wconf 89' lang='lat' dir='ltr'><strong>ejus</strong></span> <span class='ocrx_word' id='word_1_132' title='bbox 200 1557 376 1630; x_wconf 86' lang='lat' dir='ltr'><strong>obtemperat</strong></span> <span class='ocrx_word' id='word_1_133' title='bbox 388 1551 599 1610; x_wconf 79' lang='lat' dir='ltr'><strong>dictaminibus.</strong></span> <span class='ocrx_word' id='word_1_134' title='bbox 641 1554 697 1618; x_wconf 86' lang='lat' dir='ltr'><strong>Qui</strong></span> <span class='ocrx_word' id='word_1_135' title='bbox 712 1552 906 1612; x_wconf 83' lang='lat' dir='ltr'><strong>meditantem</strong></span> <span class='ocrx_word' id='word_1_136' title='bbox 922 1555 1017 1614; x_wconf 85' lang='lat' dir='ltr'><strong>doiere</strong></span> <span class='ocrx_word' id='word_1_137' title='bbox 1032 1556 1116 1615; x_wconf 87' lang='lat' dir='ltr'><strong>debet</strong></span> <span class='ocrx_word' id='word_1_138' title='bbox 1136 1555 1174 1613; x_wconf 84' lang='lat' dir='ltr'><strong>dc</strong></span> <span class='ocrx_word' id='word_1_139' title='bbox 1188 1557 1315 1631; x_wconf 85' lang='lat' dir='ltr'><strong>peccatis,</strong></span> 
     </span>
     <span class='ocr_line' id='line_1_15' title="bbox 124 1647 1315 1726; baseline -0.002 -16"><span class='ocrx_word' id='word_1_140' title='bbox 124 1663 156 1710; x_wconf 92' lang='lat' dir='ltr'><strong>ut</strong></span> <span class='ocrx_word' id='word_1_141' title='bbox 169 1652 281 1709; x_wconf 80' lang='lat' dir='ltr'><strong>veniam</strong></span> <span class='ocrx_word' id='word_1_142' title='bbox 296 1660 485 1721; x_wconf 82' lang='lat' dir='ltr'><strong>consequatur</strong></span> <span class='ocrx_word' id='word_1_143' title='bbox 496 1653 518 1715; x_wconf 75' lang='lat'><strong>3⁵</strong></span> <span class='ocrx_word' id='word_1_144' title='bbox 532 1661 560 1705; x_wconf 92' lang='lat' dir='ltr'><strong>et</strong></span> <span class='ocrx_word' id='word_1_145' title='bbox 574 1667 624 1724; x_wconf 89' lang='lat' dir='ltr'><strong>per</strong></span> <span class='ocrx_word' id='word_1_146' title='bbox 638 1647 819 1706; x_wconf 83' lang='lat' dir='ltr'><strong>dilectionem</strong></span> <span class='ocrx_word' id='word_1_147' title='bbox 835 1652 955 1726; x_wconf 88' lang='lat' dir='ltr'><strong>operari,</strong></span> <span class='ocrx_word' id='word_1_148' title='bbox 971 1661 1004 1708; x_wconf 91' lang='lat' dir='ltr'><strong>ut</strong></span> <span class='ocrx_word' id='word_1_149' title='bbox 1016 1653 1111 1709; x_wconf 87' lang='lat' dir='ltr'><strong>salvus</strong></span> <span class='ocrx_word' id='word_1_150' title='bbox 1126 1654 1176 1711; x_wconf 88' lang='lat' dir='ltr'><strong>sit.</strong></span> <span class='ocrx_word' id='word_1_151' title='bbox 1218 1651 1315 1710; x_wconf 84' lang='lat' dir='ltr'><strong>Meritd</strong></span> 
     </span>
     <span class='ocr_line' id='line_1_16' title="bbox 124 1744 1317 1826; baseline -0.001 -19"><span class='ocrx_word' id='word_1_152' title='bbox 124 1762 218 1807; x_wconf 90' lang='lat' dir='ltr'><strong>autem</strong></span> <span class='ocrx_word' id='word_1_153' title='bbox 233 1748 292 1805; x_wconf 82' lang='lat' dir='ltr'><strong>vita</strong></span> <span class='ocrx_word' id='word_1_154' title='bbox 305 1757 409 1804; x_wconf 79' lang='lat' dir='ltr'><strong>eterna</strong></span> <span class='ocrx_word' id='word_1_155' title='bbox 423 1744 491 1802; x_wconf 84' lang='lat' dir='ltr'><strong>fidei</strong></span> <span class='ocrx_word' id='word_1_156' title='bbox 512 1745 688 1812; x_wconf 80' lang='lat' dir='ltr'><strong>adscribitur,</strong></span> <span class='ocrx_word' id='word_1_157' title='bbox 704 1764 792 1817; x_wconf 89' lang='lat' dir='ltr'><strong>quum</strong></span> <span class='ocrx_word' id='word_1_158' title='bbox 807 1746 934 1805; x_wconf 88' lang='lat' dir='ltr'><strong>subsidia</strong></span> <span class='ocrx_word' id='word_1_159' title='bbox 956 1750 1077 1825; x_wconf 71' lang='lat' dir='ltr'><strong>praebeat</strong></span> <span class='ocrx_word' id='word_1_160' title='bbox 1091 1749 1196 1822; x_wconf 86' lang='lat' dir='ltr'><strong>quibus</strong></span> <span class='ocrx_word' id='word_1_161' title='bbox 1210 1769 1317 1826; x_wconf 89' lang='lat' dir='ltr'><strong>compa·</strong></span> 
     </span>
     <span class='ocr_line' id='line_1_17' title="bbox 122 1854 208 1902; baseline 0 0"><span class='ocrx_word' id='word_1_162' title='bbox 122 1854 208 1902; x_wconf 84' lang='lat' dir='ltr'><strong>retur.</strong></span> 
     </span>
    </p>

    <p class='ocr_par' dir='ltr' id='par_1_5' title="bbox 162 1935 1168 2018">
     <span class='ocr_line' id='line_1_18' title="bbox 162 1935 1168 2018; baseline 0 -19"><span class='ocrx_word' id='word_1_163' title='bbox 162 1946 231 2000; x_wconf 85' lang='grc'><strong>205.</strong></span> <span class='ocrx_word' id='word_1_164' title='bbox 258 1939 324 2018; x_wconf 80' lang='lat' dir='ltr'><strong>obj.</strong></span> <span class='ocrx_word' id='word_1_165' title='bbox 341 1943 370 1997; x_wconf 95' lang='grc'><strong>3.</strong></span> <span class='ocrx_word' id='word_1_166' title='bbox 393 1938 472 1996; x_wconf 86' lang='lat' dir='ltr'><strong>Dicit</strong></span> <span class='ocrx_word' id='word_1_167' title='bbox 485 1937 637 1994; x_wconf 87' lang='lat' dir='ltr'><strong>Christus:</strong></span> <span class='ocrx_word' id='word_1_168' title='bbox 661 1935 787 1996; x_wconf 82' lang='lat' dir='ltr'><strong>“Crede</strong></span> <span class='ocrx_word' id='word_1_169' title='bbox 802 1948 909 1996; x_wconf 87' lang='lat' dir='ltr'><strong>tanturn</strong></span> <span class='ocrx_word' id='word_1_170' title='bbox 927 1949 956 1997; x_wconf 88' lang='lat' dir='ltr'><strong>et</strong></span> <span class='ocrx_word' id='word_1_171' title='bbox 975 1940 1054 1997; x_wconf 86' lang='lat' dir='ltr'><strong>salva</strong></span> <span class='ocrx_word' id='word_1_172' title='bbox 1069 1941 1168 1999; x_wconf 83' lang='lat' dir='ltr'><strong>erit.’&#39;⁸</strong></span> 
     </span>
    </p>

    <p class='ocr_par' dir='ltr' id='par_1_6' title="bbox 126 2033 1313 2207">
     <span class='ocr_line' id='line_1_19' title="bbox 161 2033 1313 2113; baseline 0 -17"><span class='ocrx_word' id='word_1_173' title='bbox 161 2041 231 2096; x_wconf 84' lang='grc'><strong>206.</strong></span> <span class='ocrx_word' id='word_1_174' title='bbox 252 2034 341 2113; x_wconf 84' lang='lat' dir='ltr'><strong>Reap.</strong></span> <span class='ocrx_word' id='word_1_175' title='bbox 363 2035 410 2094; x_wconf 84' lang='lat' dir='ltr'><strong>Eo</strong></span> <span class='ocrx_word' id='word_1_176' title='bbox 423 2034 479 2093; x_wconf 89' lang='lat' dir='ltr'><strong>loci</strong></span> <span class='ocrx_word' id='word_1_177' title='bbox 496 2035 578 2110; x_wconf 88' lang='lat' dir='ltr'><strong>jubet</strong></span> <span class='ocrx_word' id='word_1_178' title='bbox 593 2033 726 2091; x_wconf 85' lang='lat' dir='ltr'><strong>Christus</strong></span> <span class='ocrx_word' id='word_1_179' title='bbox 740 2044 772 2092; x_wconf 90' lang='lat' dir='ltr'><strong>ut</strong></span> <span class='ocrx_word' id='word_1_180' title='bbox 792 2035 893 2109; x_wconf 75' lang='lat' dir='ltr'><strong>puellm</strong></span> <span class='ocrx_word' id='word_1_181' title='bbox 908 2046 1025 2094; x_wconf 78' lang='lat' dir='ltr'><strong>mortua</strong></span> <span class='ocrx_word' id='word_1_182' title='bbox 1046 2048 1127 2112; x_wconf 89' lang='lat' dir='ltr'><strong>pater</strong></span> <span class='ocrx_word' id='word_1_183' title='bbox 1140 2035 1239 2095; x_wconf 88' lang='lat' dir='ltr'><strong>credat</strong></span> <span class='ocrx_word' id='word_1_184' title='bbox 1258 2056 1313 2096; x_wconf 88' lang='lat' dir='ltr'><strong>eam</strong></span> 
     </span>
     <span class='ocr_line' id='line_1_20' title="bbox 126 2129 1206 2207; baseline -0.006 -14"><span class='ocrx_word' id='word_1_185' title='bbox 126 2132 360 2194; x_wconf 85' lang='lat' dir='ltr'><strong>resuscitandam.</strong></span> <span class='ocrx_word' id='word_1_186' title='bbox 403 2130 448 2188; x_wconf 89' lang='lat' dir='ltr'><strong>Ds</strong></span> <span class='ocrx_word' id='word_1_187' title='bbox 465 2131 578 2206; x_wconf 87' lang='lat' dir='ltr'><strong>justitia</strong></span> <span class='ocrx_word' id='word_1_188' title='bbox 591 2129 769 2202; x_wconf 88' lang='lat' dir='ltr'><strong>assequenda</strong></span> <span class='ocrx_word' id='word_1_189' title='bbox 783 2149 840 2188; x_wconf 89' lang='lat' dir='ltr'><strong>non</strong></span> <span class='ocrx_word' id='word_1_190' title='bbox 855 2130 956 2207; x_wconf 89' lang='lat' dir='ltr'><strong>agitur.</strong></span> <span class='ocrx_word' id='word_1_191' title='bbox 1203 2135 1206 2151; x_wconf 70' lang='lat'><em>¹</em></span> 
     </span>
    </p>

    <p class='ocr_par' dir='ltr' id='par_1_7' title="bbox 122 2224 1318 2390">
     <span class='ocr_line' id='line_1_21' title="bbox 162 2224 1318 2306; baseline 0.001 -20"><span class='ocrx_word' id='word_1_192' title='bbox 162 2235 230 2289; x_wconf 79' lang='grc'><strong>207.</strong></span> <span class='ocrx_word' id='word_1_193' title='bbox 257 2227 324 2306; x_wconf 81' lang='lat' dir='ltr'><strong>Obj.</strong></span> <span class='ocrx_word' id='word_1_194' title='bbox 340 2235 370 2287; x_wconf 83' lang='lat'><strong>4.</strong></span> <span class='ocrx_word' id='word_1_195' title='bbox 392 2226 545 2302; x_wconf 86' lang='lat' dir='ltr'><strong>Phiiippus</strong></span> <span class='ocrx_word' id='word_1_196' title='bbox 569 2224 656 2283; x_wconf 88' lang='lat' dir='ltr'><strong>fidem</strong></span> <span class='ocrx_word' id='word_1_197' title='bbox 672 2235 778 2283; x_wconf 89' lang='lat' dir='ltr'><strong>tautum</strong></span> <span class='ocrx_word' id='word_1_198' title='bbox 799 2226 834 2282; x_wconf 88' lang='lat' dir='ltr'><strong>ab</strong></span> <span class='ocrx_word' id='word_1_199' title='bbox 848 2228 980 2284; x_wconf 88' lang='lat' dir='ltr'><strong>eunucho</strong></span> <span class='ocrx_word' id='word_1_200' title='bbox 1000 2229 1107 2306; x_wconf 83' lang='lat' dir='ltr'><strong>exegit,</strong></span> <span class='ocrx_word' id='word_1_201' title='bbox 1121 2238 1156 2286; x_wconf 87' lang='lat' dir='ltr'><strong>ut</strong></span> <span class='ocrx_word' id='word_1_202' title='bbox 1176 2230 1203 2289; x_wconf 84' lang='lat' dir='ltr'><strong>ei</strong></span> <span class='ocrx_word' id='word_1_203' title='bbox 1222 2229 1318 2306; x_wconf 84' lang='lat' dir='ltr'><strong>baptis·</strong></span> 
     </span>
     <span class='ocr_line' id='line_1_22' title="bbox 122 2320 1101 2390; baseline -0.005 -6"><span class='ocrx_word' id='word_1_204' title='bbox 122 2345 200 2384; x_wconf 91' lang='lat' dir='ltr'><strong>mum</strong></span> <span class='ocrx_word' id='word_1_205' title='bbox 216 2324 439 2384; x_wconf 85' lang='lat' dir='ltr'><strong>administraret:</strong></span> <span class='ocrx_word' id='word_1_206' title='bbox 463 2323 525 2379; x_wconf 84' lang='lat' dir='ltr'><strong>“Si</strong></span> <span class='ocrx_word' id='word_1_207' title='bbox 540 2322 632 2380; x_wconf 88' lang='lat' dir='ltr'><strong>credis</strong></span> <span class='ocrx_word' id='word_1_208' title='bbox 646 2341 682 2379; x_wconf 89' lang='lat' dir='ltr'><strong>ex</strong></span> <span class='ocrx_word' id='word_1_209' title='bbox 697 2333 756 2379; x_wconf 89' lang='lat' dir='ltr'><strong>toto</strong></span> <span class='ocrx_word' id='word_1_210' title='bbox 777 2320 872 2390; x_wconf 90' lang='lat' dir='ltr'><strong>corde,</strong></span> <span class='ocrx_word' id='word_1_211' title='bbox 887 2321 1002 2382; x_wconf 76' lang='grc'><strong>11001.”7</strong></span> <span class='ocrx_word' id='word_1_212' title='bbox 1100 2372 1101 2379; x_wconf 72' lang='grc'>,</span> 
     </span>
    </p>

    <p class='ocr_par' dir='ltr' id='par_1_8' title="bbox 119 2411 1320 2597">
     <span class='ocr_line' id='line_1_23' title="bbox 161 2411 1318 2497; baseline 0.003 -17"><span class='ocrx_word' id='word_1_213' title='bbox 161 2426 230 2480; x_wconf 86' lang='grc'><strong>206.</strong></span> <span class='ocrx_word' id='word_1_214' title='bbox 251 2419 340 2497; x_wconf 82' lang='lat' dir='ltr'><strong>Resp.</strong></span> <span class='ocrx_word' id='word_1_215' title='bbox 363 2420 463 2478; x_wconf 83' lang='lat' dir='ltr'><strong>Fidem</strong></span> <span class='ocrx_word' id='word_1_216' title='bbox 479 2420 578 2490; x_wconf 83' lang='lat' dir='ltr'><strong>utique</strong></span> <span class='ocrx_word' id='word_1_217' title='bbox 598 2418 705 2495; x_wconf 80' lang='lat' dir='ltr'><strong>exegit,</strong></span> <span class='ocrx_word' id='word_1_218' title='bbox 723 2437 785 2491; x_wconf 91' lang='lat' dir='ltr'><strong>quae</strong></span> <span class='ocrx_word' id='word_1_219' title='bbox 807 2431 901 2477; x_wconf 85' lang='lat' dir='ltr'><strong>tarnen</strong></span> <span class='ocrx_word' id='word_1_220' title='bbox 916 2411 987 2496; x_wconf 86' lang='lat' dir='ltr'><strong>¹pios</strong></span> <span class='ocrx_word' id='word_1_221' title='bbox 1005 2422 1093 2480; x_wconf 89' lang='lat' dir='ltr'><strong>animi</strong></span> <span class='ocrx_word' id='word_1_222' title='bbox 1115 2422 1238 2482; x_wconf 80' lang='lat' dir='ltr'><strong>affectus</strong></span> <span class='ocrx_word' id='word_1_223' title='bbox 1259 2444 1318 2483; x_wconf 81' lang='lat' dir='ltr'><strong>con-</strong></span> 
     </span>
     <span class='ocr_line' id='line_1_24' title="bbox 119 2514 1320 2597; baseline 0.002 -20"><span class='ocrx_word' id='word_1_224' title='bbox 119 2522 234 2597; x_wconf 87' lang='lat' dir='ltr'><strong>junctos</strong></span> <span class='ocrx_word' id='word_1_225' title='bbox 248 2518 375 2585; x_wconf 85' lang='lat' dir='ltr'><strong>haberet,</strong></span> <span class='ocrx_word' id='word_1_226' title='bbox 388 2514 536 2574; x_wconf 87' lang='lat' dir='ltr'><strong>cunuchus</strong></span> <span class='ocrx_word' id='word_1_227' title='bbox 551 2515 626 2572; x_wconf 89' lang='lat' dir='ltr'><strong>enim</strong></span> <span class='ocrx_word' id='word_1_228' title='bbox 642 2515 685 2571; x_wconf 86' lang='lat' dir='ltr'><strong>vir</strong></span> <span class='ocrx_word' id='word_1_229' title='bbox 699 2527 758 2572; x_wconf 87' lang='lat' dir='ltr'><strong>erat</strong></span> <span class='ocrx_word' id='word_1_230' title='bbox 772 2515 933 2592; x_wconf 88' lang='lat' dir='ltr'><strong>religiosus,</strong></span> <span class='ocrx_word' id='word_1_231' title='bbox 950 2518 999 2591; x_wconf 87' lang='lat' dir='ltr'><strong>qni</strong></span> <span class='ocrx_word' id='word_1_232' title='bbox 1021 2518 1246 2595; x_wconf 85' lang='lat' dir='ltr'><strong>Hierosolymas</strong></span> <span class='ocrx_word' id='word_1_233' title='bbox 1261 2520 1320 2580; x_wconf 88' lang='lat' dir='ltr'><strong>ado-</strong></span> 
     </span>
    </p>
   </div>
   <div class='ocr_carea' id='block_1_3' title="bbox 16 2610 1319 2687">
    <p class='ocr_par' dir='ltr' id='par_1_9' title="bbox 16 2610 1319 2687">
     <span class='ocr_line' id='line_1_25' title="bbox 16 2610 1319 2687; baseline 0.002 -12"><span class='ocrx_word' id='word_1_234' title='bbox 16 2676 20 2681; x_wconf 85' lang='grc'><strong>,</strong></span> <span class='ocrx_word' id='word_1_235' title='bbox 36 2656 41 2663; x_wconf 84' lang='lat'>-</span> <span class='ocrx_word' id='word_1_236' title='bbox 122 2627 232 2675; x_wconf 80' lang='lat' dir='ltr'><strong>taturus</strong></span> <span class='ocrx_word' id='word_1_237' title='bbox 247 2615 407 2682; x_wconf 86' lang='lat' dir='ltr'><strong>advenerat,</strong></span> <span class='ocrx_word' id='word_1_238' title='bbox 421 2624 449 2670; x_wconf 91' lang='lat' dir='ltr'><strong>et</strong></span> <span class='ocrx_word' id='word_1_239' title='bbox 463 2613 550 2669; x_wconf 86' lang='lat' dir='ltr'><strong>sacris</strong></span> <span class='ocrx_word' id='word_1_240' title='bbox 566 2611 713 2686; x_wconf 89' lang='lat' dir='ltr'><strong>scripturis</strong></span> <span class='ocrx_word' id='word_1_241' title='bbox 725 2610 908 2681; x_wconf 87' lang='lat' dir='ltr'><strong>meditandis,</strong></span> <span class='ocrx_word' id='word_1_242' title='bbox 920 2613 986 2671; x_wconf 89' lang='lat' dir='ltr'><strong>dum</strong></span> <span class='ocrx_word' id='word_1_243' title='bbox 999 2625 1187 2675; x_wconf 83' lang='lat' dir='ltr'><strong>reverteretur</strong></span> <span class='ocrx_word' id='word_1_244' title='bbox 1196 2616 1319 2687; x_wconf 89' lang='lat' dir='ltr'><strong>domum,</strong></span> 
     </span>
    </p>
   </div>
   <div class='ocr_carea' id='block_1_4' title="bbox 122 2714 1324 3650">
    <p class='ocr_par' dir='ltr' id='par_1_10' title="bbox 122 2714 344 2772">
     <span class='ocr_line' id='line_1_26' title="bbox 122 2714 344 2772; baseline -0.014 -1"><span class='ocrx_word' id='word_1_245' title='bbox 122 2714 236 2772; x_wconf 88' lang='lat' dir='ltr'><strong>dabato</strong></span> <span class='ocrx_word' id='word_1_246' title='bbox 257 2729 344 2769; x_wconf 89' lang='lat' dir='ltr'><strong>erarn.</strong></span> 
     </span>
    </p>

    <p class='ocr_par' dir='ltr' id='par_1_11' title="bbox 123 2732 1321 3074">
     <span class='ocr_line' id='line_1_27' title="bbox 162 2732 1319 2884; baseline 0 -19"><span class='ocrx_word' id='word_1_247' title='bbox 162 2732 324 2884; x_wconf 73' lang='lat' dir='ltr'><strong>209.p0bj.</strong></span> <span class='ocrx_word' id='word_1_248' title='bbox 341 2810 370 2863; x_wconf 82' lang='lat'><strong>5.</strong></span> <span class='ocrx_word' id='word_1_249' title='bbox 393 2804 532 2881; x_wconf 85' lang='lat' dir='ltr'><strong>Origenes</strong></span> <span class='ocrx_word' id='word_1_250' title='bbox 549 2804 679 2880; x_wconf 83' lang='lat' dir='ltr'><strong>Apostoli</strong></span> <span class='ocrx_word' id='word_1_251' title='bbox 694 2804 728 2861; x_wconf 89' lang='lat' dir='ltr'><strong>de</strong></span> <span class='ocrx_word' id='word_1_252' title='bbox 743 2804 811 2862; x_wconf 88' lang='lat' dir='ltr'><strong>fidei</strong></span> <span class='ocrx_word' id='word_1_253' title='bbox 827 2805 1032 2882; x_wconf 80' lang='lat' dir='ltr'><strong>justificatione</strong></span> <span class='ocrx_word' id='word_1_254' title='bbox 1046 2805 1204 2865; x_wconf 86' lang='lat' dir='ltr'><strong>doctrinam</strong></span> <span class='ocrx_word' id='word_1_255' title='bbox 1219 2809 1261 2866; x_wconf 90' lang='lat' dir='ltr'><strong>sic</strong></span> <span class='ocrx_word' id='word_1_256' title='bbox 1276 2829 1319 2867; x_wconf 85' lang='lat' dir='ltr'><strong>er.-</strong></span> 
     </span>
     <span class='ocr_line' id='line_1_28' title="bbox 123 2900 1321 2984; baseline 0 -20"><span class='ocrx_word' id='word_1_257' title='bbox 123 2908 220 2984; x_wconf 89' lang='lat' dir='ltr'><strong>ponit:</strong></span> <span class='ocrx_word' id='word_1_258' title='bbox 246 2915 265 2940; x_wconf 83' lang='lat'><strong>‘⁴</strong></span> <span class='ocrx_word' id='word_1_259' title='bbox 279 2904 358 2961; x_wconf 89' lang='lat' dir='ltr'><strong>Dicit</strong></span> <span class='ocrx_word' id='word_1_260' title='bbox 381 2901 512 2959; x_wconf 87' lang='lat' dir='ltr'><strong>sufficere</strong></span> <span class='ocrx_word' id='word_1_261' title='bbox 536 2901 624 2957; x_wconf 86' lang='lat' dir='ltr'><strong>solius</strong></span> <span class='ocrx_word' id='word_1_262' title='bbox 648 2900 714 2957; x_wconf 87' lang='lat' dir='ltr'><strong>fidei</strong></span> <span class='ocrx_word' id='word_1_263' title='bbox 733 2903 977 2977; x_wconf 85' lang='lat' dir='ltr'><strong>justificationem,</strong></span> <span class='ocrx_word' id='word_1_264' title='bbox 1002 2902 1039 2958; x_wconf 84' lang='lat' dir='ltr'><strong>ita</strong></span> <span class='ocrx_word' id='word_1_265' title='bbox 1063 2913 1094 2959; x_wconf 92' lang='lat' dir='ltr'><strong>ut</strong></span> <span class='ocrx_word' id='word_1_266' title='bbox 1117 2905 1239 2962; x_wconf 86' lang='lat' dir='ltr'><strong>credens</strong></span> <span class='ocrx_word' id='word_1_267' title='bbox 1262 2909 1321 2979; x_wconf 90' lang='lat' dir='ltr'><strong>quis</strong></span> 
     </span>
     <span class='ocr_line' id='line_1_29' title="bbox 124 2995 1213 3074; baseline -0.004 -14"><span class='ocrx_word' id='word_1_268' title='bbox 124 2999 318 3060; x_wconf 88' lang='lat' dir='ltr'><strong>tantummodo</strong></span> <span class='ocrx_word' id='word_1_269' title='bbox 335 2998 516 3074; x_wconf 85' lang='lat' dir='ltr'><strong>justificetur,</strong></span> <span class='ocrx_word' id='word_1_270' title='bbox 530 2996 641 3052; x_wconf 87' lang='lat' dir='ltr'><strong>etiamsi</strong></span> <span class='ocrx_word' id='word_1_271' title='bbox 657 2995 727 3052; x_wconf 90' lang='lat' dir='ltr'><strong>nihil</strong></span> <span class='ocrx_word' id='word_1_272' title='bbox 743 2998 776 3052; x_wconf 89' lang='lat' dir='ltr'><strong>ab</strong></span> <span class='ocrx_word' id='word_1_273' title='bbox 792 2998 1213 3074; x_wconf 70' lang='grc'><strong>0000311110110110131100.”8</strong></span> 
     </span>
    </p>

    <p class='ocr_par' dir='ltr' id='par_1_12' title="bbox 123 3090 1324 3650">
     <span class='ocr_line' id='line_1_30' title="bbox 162 3090 1320 3173; baseline 0.003 -20"><span class='ocrx_word' id='word_1_274' title='bbox 162 3102 233 3154; x_wconf 89' lang='grc'><strong>210.</strong></span> <span class='ocrx_word' id='word_1_275' title='bbox 255 3095 344 3170; x_wconf 72' lang='lat' dir='ltr'><strong>Hesp.</strong></span> <span class='ocrx_word' id='word_1_276' title='bbox 367 3093 453 3151; x_wconf 85' lang='lat' dir='ltr'><strong>Mens</strong></span> <span class='ocrx_word' id='word_1_277' title='bbox 479 3091 612 3167; x_wconf 83' lang='lat' dir='ltr'><strong>Origenis</strong></span> <span class='ocrx_word' id='word_1_278' title='bbox 635 3103 677 3147; x_wconf 91' lang='lat' dir='ltr'><strong>est</strong></span> <span class='ocrx_word' id='word_1_279' title='bbox 695 3092 927 3166; x_wconf 84' lang='lat' dir='ltr'><strong>justificationem</strong></span> <span class='ocrx_word' id='word_1_280' title='bbox 954 3094 1120 3169; x_wconf 85' lang='lat' dir='ltr'><strong>contingere·</strong></span> <span class='ocrx_word' id='word_1_281' title='bbox 1143 3090 1210 3152; x_wconf 77' lang='lat' dir='ltr'><strong>ante</strong></span> <span class='ocrx_word' id='word_1_282' title='bbox 1236 3116 1320 3173; x_wconf 89' lang='lat' dir='ltr'><strong>opera</strong></span> 
     </span>
     <span class='ocr_line' id='line_1_31' title="bbox 128 3187 1321 3267; baseline 0.002 -17"><span class='ocrx_word' id='word_1_283' title='bbox 128 3194 237 3252; x_wconf 83' lang='lat' dir='ltr'><strong>virtutis</strong></span> <span class='ocrx_word' id='word_1_284' title='bbox 254 3201 384 3267; x_wconf 86' lang='lat' dir='ltr'><strong>peracta;</strong></span> <span class='ocrx_word' id='word_1_285' title='bbox 408 3187 457 3245; x_wconf 85' lang='lat' dir='ltr'><strong>sed</strong></span> <span class='ocrx_word' id='word_1_286' title='bbox 474 3189 560 3243; x_wconf 85' lang='lat' dir='ltr'><strong>animi</strong></span> <span class='ocrx_word' id='word_1_287' title='bbox 577 3190 692 3244; x_wconf 86' lang='lat' dir='ltr'><strong>virtutes</strong></span> <span class='ocrx_word' id='word_1_288' title='bbox 708 3189 774 3246; x_wconf 87' lang='lat' dir='ltr'><strong>fidei</strong></span> <span class='ocrx_word' id='word_1_289' title='bbox 790 3192 954 3265; x_wconf 89' lang='lat' dir='ltr'><strong>conjunctas</strong></span> <span class='ocrx_word' id='word_1_290' title='bbox 970 3189 1174 3266; x_wconf 86' lang='lat' dir='ltr'><strong>dispositioncs</strong></span> <span class='ocrx_word' id='word_1_291' title='bbox 1189 3212 1256 3251; x_wconf 85' lang='lat' dir='ltr'><strong>esse</strong></span> <span class='ocrx_word' id='word_1_292' title='bbox 1276 3213 1321 3252; x_wconf 88' lang='lat' dir='ltr'><strong>ns·</strong></span> 
     </span>
     <span class='ocr_line' id='line_1_32' title="bbox 124 3282 1323 3362; baseline 0.002 -16"><span class='ocrx_word' id='word_1_293' title='bbox 124 3288 261 3346; x_wconf 84' lang='lat' dir='ltr'><strong>cessarias</strong></span> <span class='ocrx_word' id='word_1_294' title='bbox 286 3285 403 3341; x_wconf 88' lang='lat' dir='ltr'><strong>omnino</strong></span> <span class='ocrx_word' id='word_1_295' title='bbox 429 3282 578 3357; x_wconf 87' lang='lat' dir='ltr'><strong>intelligit;</strong></span> <span class='ocrx_word' id='word_1_296' title='bbox 602 3283 676 3352; x_wconf 93' lang='lat' dir='ltr'><strong>quod</strong></span> <span class='ocrx_word' id='word_1_297' title='bbox 702 3286 843 3361; x_wconf 85' lang='lat' dir='ltr'><strong>exemplis</strong></span> <span class='ocrx_word' id='word_1_298' title='bbox 867 3287 1033 3362; x_wconf 85' lang='lat' dir='ltr'><strong>peccatricis</strong></span> <span class='ocrx_word' id='word_1_299' title='bbox 1054 3296 1082 3344; x_wconf 84' lang='lat' dir='ltr'><strong>et</strong></span> <span class='ocrx_word' id='word_1_300' title='bbox 1105 3284 1236 3357; x_wconf 86' lang='lat' dir='ltr'><strong>latronis,</strong></span> <span class='ocrx_word' id='word_1_301' title='bbox 1261 3309 1323 3362; x_wconf 82' lang='lat' dir='ltr'><strong>quae</strong></span> 
     </span>
     <span class='ocr_line' id='line_1_33' title="bbox 123 3377 1321 3463; baseline 0.002 -20"><span class='ocrx_word' id='word_1_302' title='bbox 123 3388 199 3452; x_wconf 89' lang='lat' dir='ltr'><strong>citat,</strong></span> <span class='ocrx_word' id='word_1_303' title='bbox 215 3381 380 3441; x_wconf 90' lang='lat' dir='ltr'><strong>ostenditur.</strong></span> <span class='ocrx_word' id='word_1_304' title='bbox 425 3389 444 3415; x_wconf 87' lang='lat'>“</span> <span class='ocrx_word' id='word_1_305' title='bbox 456 3377 562 3445; x_wconf 84' lang='lat' dir='ltr'><strong>Puto,&#39;&#39;</strong></span> <span class='ocrx_word' id='word_1_306' title='bbox 580 3380 681 3451; x_wconf 90' lang='lat' dir='ltr'><strong>iuquit,</strong></span> <span class='ocrx_word' id='word_1_307' title='bbox 698 3391 717 3416; x_wconf 78' lang='lat'><strong>‘⁶</strong></span> <span class='ocrx_word' id='word_1_308' title='bbox 732 3382 914 3458; x_wconf 87' lang='lat' dir='ltr'><strong>quodprima</strong></span> <span class='ocrx_word' id='word_1_309' title='bbox 928 3384 1026 3440; x_wconf 88' lang='lat' dir='ltr'><strong>salutis</strong></span> <span class='ocrx_word' id='word_1_310' title='bbox 1040 3384 1129 3452; x_wconf 86' lang='lat' dir='ltr'><strong>initia,</strong></span> <span class='ocrx_word' id='word_1_311' title='bbox 1142 3396 1171 3442; x_wconf 91' lang='lat' dir='ltr'><strong>et</strong></span> <span class='ocrx_word' id='word_1_312' title='bbox 1185 3387 1321 3463; x_wconf 18' lang='lat' dir='ltr'><strong>ipsalsun-</strong></span> 
     </span>
     <span class='ocr_line' id='line_1_34' title="bbox 124 3476 1321 3559; baseline 0.002 -18"><span class='ocrx_word' id='word_1_313' title='bbox 124 3483 255 3541; x_wconf 86' lang='lat' dir='ltr'><strong>damenta</strong></span> <span class='ocrx_word' id='word_1_314' title='bbox 278 3479 350 3537; x_wconf 85' lang='lat' dir='ltr'><strong>fides</strong></span> <span class='ocrx_word' id='word_1_315' title='bbox 375 3487 429 3545; x_wconf 86' lang='lat' dir='ltr'><strong>est,</strong></span> <span class='ocrx_word' id='word_1_316' title='bbox 453 3476 596 3553; x_wconf 83' lang='lat' dir='ltr'><strong>profectus</strong></span> <span class='ocrx_word' id='word_1_317' title='bbox 619 3476 686 3536; x_wconf 71' lang='lat' dir='ltr'><strong>vert</strong></span> <span class='ocrx_word' id='word_1_318' title='bbox 711 3489 739 3535; x_wconf 89' lang='lat' dir='ltr'><strong>et</strong></span> <span class='ocrx_word' id='word_1_319' title='bbox 762 3492 912 3556; x_wconf 86' lang='lat' dir='ltr'><strong>augmenta</strong></span> <span class='ocrx_word' id='word_1_320' title='bbox 934 3481 1058 3548; x_wconf 87' lang='lat' dir='ltr'><strong>aedificii,</strong></span> <span class='ocrx_word' id='word_1_321' title='bbox 1081 3501 1163 3558; x_wconf 87' lang='lat' dir='ltr'><strong>spes;</strong></span> <span class='ocrx_word' id='word_1_322' title='bbox 1186 3485 1321 3559; x_wconf 80' lang='lat' dir='ltr'><strong>perfectio</strong></span> 
     </span>
     <span class='ocr_line' id='line_1_35' title="bbox 125 3573 1324 3650; baseline -0.003 -10"><span class='ocrx_word' id='word_1_323' title='bbox 125 3591 219 3641; x_wconf 82' lang='lat' dir='ltr'><strong>autem</strong></span> <span class='ocrx_word' id='word_1_324' title='bbox 232 3591 260 3635; x_wconf 89' lang='lat' dir='ltr'><strong>et</strong></span> <span class='ocrx_word' id='word_1_325' title='bbox 273 3577 386 3635; x_wconf 88' lang='lat' dir='ltr'><strong>culmen</strong></span> <span class='ocrx_word' id='word_1_326' title='bbox 402 3573 486 3632; x_wconf 89' lang='lat' dir='ltr'><strong>totius</strong></span> <span class='ocrx_word' id='word_1_327' title='bbox 502 3573 607 3648; x_wconf 81' lang='lat' dir='ltr'><strong>operis,</strong></span> <span class='ocrx_word' id='word_1_328' title='bbox 623 3574 791 3632; x_wconf 68' lang='grc'><strong>011311133.”9</strong></span> <span class='ocrx_word' id='word_1_329' title='bbox 827 3585 846 3612; x_wconf 84' lang='grc'>“</span> <span class='ocrx_word' id='word_1_330' title='bbox 857 3575 1048 3634; x_wconf 86' lang='lat' dir='ltr'><strong>Credentibus</strong></span> <span class='ocrx_word' id='word_1_331' title='bbox 1060 3577 1175 3650; x_wconf 90' lang='lat' dir='ltr'><strong>quidem</strong></span> <span class='ocrx_word' id='word_1_332' title='bbox 1192 3578 1324 3648; x_wconf 87' lang='lat' dir='ltr'><strong>Christo,</strong></span> 
     </span>
    </p>
   </div>
   <div class='ocr_carea' id='block_1_5' title="bbox 363 3729 921 4477">
    <p class='ocr_par' dir='ltr' id='par_1_13' title="bbox 455 3729 775 3795">
     <span class='ocr_line' id='line_1_36' title="bbox 455 3729 775 3795; baseline 0.016 -18"><span class='ocrx_word' id='word_1_333' title='bbox 455 3733 492 3793; x_wconf 90' lang='grc'><strong>(1)</strong></span> <span class='ocrx_word' id='word_1_334' title='bbox 511 3729 540 3778; x_wconf 90' lang='lat' dir='ltr'><strong>L.</strong></span> <span class='ocrx_word' id='word_1_335' title='bbox 554 3733 593 3779; x_wconf 85' lang='grc'><strong>83.</strong></span> <span class='ocrx_word' id='word_1_336' title='bbox 605 3739 687 3793; x_wconf 81' lang='lat' dir='ltr'><strong>quest.</strong></span> <span class='ocrx_word' id='word_1_337' title='bbox 699 3749 721 3795; x_wconf 91' lang='lat' dir='ltr'><strong>q.</strong></span> <span class='ocrx_word' id='word_1_338' title='bbox 734 3735 775 3782; x_wconf 81' lang='grc'><strong>76.</strong></span> 
     </span>
    </p>

    <p class='ocr_par' dir='ltr' id='par_1_14' title="bbox 363 3814 921 3967">
     <span class='ocr_line' id='line_1_37' title="bbox 458 3814 921 3880; baseline 0.026 -18"><span class='ocrx_word' id='word_1_339' title='bbox 458 3816 500 3880; x_wconf 90' lang='grc'><strong>(2)</strong></span> <span class='ocrx_word' id='word_1_340' title='bbox 520 3814 573 3863; x_wconf 90' lang='lat' dir='ltr'><strong>Lib.</strong></span> <span class='ocrx_word' id='word_1_341' title='bbox 587 3816 617 3864; x_wconf 87' lang='lat' dir='ltr'><strong>de</strong></span> <span class='ocrx_word' id='word_1_342' title='bbox 629 3819 705 3877; x_wconf 83' lang='lat' dir='ltr'><strong>gratie</strong></span> <span class='ocrx_word' id='word_1_343' title='bbox 717 3828 741 3872; x_wconf 84' lang='lat' dir='ltr'><strong>et</strong></span> <span class='ocrx_word' id='word_1_344' title='bbox 753 3820 791 3872; x_wconf 86' lang='lat' dir='ltr'><strong>lib·</strong></span> <span class='ocrx_word' id='word_1_345' title='bbox 804 3821 853 3871; x_wconf 80' lang='lat' dir='ltr'><strong>arb.</strong></span> <span class='ocrx_word' id='word_1_346' title='bbox 864 3835 886 3871; x_wconf 78' lang='lat' dir='ltr'><strong>o·</strong></span> <span class='ocrx_word' id='word_1_347' title='bbox 899 3824 921 3874; x_wconf 69' lang='lat' dir='ltr'><strong>i·</strong></span> 
     </span>
     <span class='ocr_line' id='line_1_38' title="bbox 363 3901 695 3967; baseline 0.015 -19"><span class='ocrx_word' id='word_1_348' title='bbox 363 3958 365 3963; x_wconf 68' lang='lat'><strong>,</strong></span> <span class='ocrx_word' id='word_1_349' title='bbox 458 3902 500 3967; x_wconf 89' lang='grc'><strong>(3)</strong></span> <span class='ocrx_word' id='word_1_350' title='bbox 518 3901 590 3950; x_wconf 83' lang='grc'><strong>1030.</strong></span> <span class='ocrx_word' id='word_1_351' title='bbox 601 3902 635 3951; x_wconf 90' lang='lat' dir='ltr'><strong>iii.</strong></span> <span class='ocrx_word' id='word_1_352' title='bbox 653 3906 695 3955; x_wconf 90' lang='grc'><strong>36.</strong></span> 
     </span>
    </p>

    <p class='ocr_par' dir='ltr' id='par_1_15' title="bbox 457 3987 698 4047">
     <span class='ocr_line' id='line_1_39' title="bbox 457 3987 698 4047; baseline 0.008 -13"><span class='ocrx_word' id='word_1_353' title='bbox 457 3988 494 4047; x_wconf 81' lang='lat' dir='ltr'><strong>(A)</strong></span> <span class='ocrx_word' id='word_1_354' title='bbox 513 3987 584 4035; x_wconf 87' lang='lat' dir='ltr'><strong>Rom.</strong></span> <span class='ocrx_word' id='word_1_355' title='bbox 596 3987 645 4036; x_wconf 89' lang='lat' dir='ltr'><strong>viii.</strong></span> <span class='ocrx_word' id='word_1_356' title='bbox 656 3988 698 4037; x_wconf 76' lang='lat'><strong>24.</strong></span> 
     </span>
    </p>

    <p class='ocr_par' dir='ltr' id='par_1_16' title="bbox 454 4071 652 4132">
     <span class='ocr_line' id='line_1_40' title="bbox 454 4071 652 4132; baseline 0.005 -14"><span class='ocrx_word' id='word_1_357' title='bbox 454 4074 491 4132; x_wconf 88' lang='lat'><strong>(5)</strong></span> <span class='ocrx_word' id='word_1_358' title='bbox 509 4071 564 4119; x_wconf 79' lang='lat' dir='ltr'><strong>Act.</strong></span> <span class='ocrx_word' id='word_1_359' title='bbox 577 4073 602 4120; x_wconf 93' lang='lat' dir='ltr'><strong>ii.</strong></span> <span class='ocrx_word' id='word_1_360' title='bbox 612 4076 652 4120; x_wconf 88' lang='grc'><strong>28.</strong></span> 
     </span>
    </p>

    <p class='ocr_par' dir='ltr' id='par_1_17' title="bbox 458 4155 688 4217">
     <span class='ocr_line' id='line_1_41' title="bbox 458 4155 688 4217; baseline 0.022 -15"><span class='ocrx_word' id='word_1_361' title='bbox 458 4159 496 4217; x_wconf 88' lang='grc'><strong>(6)</strong></span> <span class='ocrx_word' id='word_1_362' title='bbox 514 4155 575 4205; x_wconf 90' lang='lat' dir='ltr'><strong>Luc.</strong></span> <span class='ocrx_word' id='word_1_363' title='bbox 588 4158 688 4207; x_wconf 71' lang='grc'><strong>011150.</strong></span> 
     </span>
    </p>

    <p class='ocr_par' dir='ltr' id='par_1_18' title="bbox 457 4240 680 4302">
     <span class='ocr_line' id='line_1_42' title="bbox 457 4240 680 4302; baseline -0.004 -13"><span class='ocrx_word' id='word_1_364' title='bbox 457 4244 494 4302; x_wconf 84' lang='grc'><strong>(7)</strong></span> <span class='ocrx_word' id='word_1_365' title='bbox 512 4240 568 4298; x_wconf 87' lang='lat' dir='ltr'><strong>Act,</strong></span> <span class='ocrx_word' id='word_1_366' title='bbox 580 4242 629 4290; x_wconf 88' lang='lat' dir='ltr'><strong>viii.</strong></span> <span class='ocrx_word' id='word_1_367' title='bbox 640 4244 680 4289; x_wconf 85' lang='grc'><strong>37.</strong></span> 
     </span>
    </p>

    <p class='ocr_par' dir='ltr' id='par_1_19' title="bbox 458 4321 797 4391">
     <span class='ocr_line' id='line_1_43' title="bbox 458 4321 797 4391; baseline 0.012 -17"><span class='ocrx_word' id='word_1_368' title='bbox 458 4329 495 4386; x_wconf 86' lang='grc'><strong>(8)</strong></span> <span class='ocrx_word' id='word_1_369' title='bbox 514 4321 543 4374; x_wconf 87' lang='lat' dir='ltr'><strong>in</strong></span> <span class='ocrx_word' id='word_1_370' title='bbox 556 4341 576 4375; x_wconf 89' lang='lat' dir='ltr'><strong>c.</strong></span> <span class='ocrx_word' id='word_1_371' title='bbox 588 4327 620 4375; x_wconf 93' lang='lat' dir='ltr'><strong>iii.</strong></span> <span class='ocrx_word' id='word_1_372' title='bbox 632 4343 670 4391; x_wconf 87' lang='lat' dir='ltr'><strong>ep.</strong></span> <span class='ocrx_word' id='word_1_373' title='bbox 682 4326 712 4375; x_wconf 90' lang='lat' dir='ltr'><strong>ad</strong></span> <span class='ocrx_word' id='word_1_374' title='bbox 724 4327 797 4379; x_wconf 88' lang='lat' dir='ltr'><strong>Rom.</strong></span> 
     </span>
    </p>

    <p class='ocr_par' dir='ltr' id='par_1_20' title="bbox 458 4409 796 4477">
     <span class='ocr_line' id='line_1_44' title="bbox 458 4409 796 4477; baseline 0.015 -16"><span class='ocrx_word' id='word_1_375' title='bbox 458 4414 493 4475; x_wconf 86' lang='grc'><strong>(9)</strong></span> <span class='ocrx_word' id='word_1_376' title='bbox 513 4409 544 4462; x_wconf 85' lang='grc'><strong>10</strong></span> <span class='ocrx_word' id='word_1_377' title='bbox 555 4428 575 4461; x_wconf 93' lang='lat' dir='ltr'><strong>c.</strong></span> <span class='ocrx_word' id='word_1_378' title='bbox 587 4412 618 4461; x_wconf 87' lang='lat' dir='ltr'><strong>iv.</strong></span> <span class='ocrx_word' id='word_1_379' title='bbox 631 4429 668 4477; x_wconf 84' lang='lat' dir='ltr'><strong>cp.</strong></span> <span class='ocrx_word' id='word_1_380' title='bbox 679 4413 709 4461; x_wconf 89' lang='lat' dir='ltr'><strong>ad</strong></span> <span class='ocrx_word' id='word_1_381' title='bbox 721 4411 796 4467; x_wconf 87' lang='lat' dir='ltr'><strong>Rom.</strong></span> 
     </span>
    </p>
   </div>
   <div class='ocr_carea' id='block_1_6' title="bbox 0 0 1385 5018">
    <p class='ocr_par' dir='ltr' id='par_1_21' title="bbox 0 0 1385 5018">
     <span class='ocr_line' id='line_1_45' title="bbox 0 0 1385 5018; baseline 0 0"><span class='ocrx_word' id='word_1_382' title='bbox 0 0 1385 5018; x_wconf 95' lang='lat' dir='ltr'><strong> </strong></span> 
     </span>
    </p>
   </div>
   <div class='ocr_carea' id='block_1_7' title="bbox 1362 1164 1366 1787">
    <p class='ocr_par' dir='ltr' id='par_1_22' title="bbox 1362 1164 1366 1787">
     <span class='ocr_line' id='line_1_46' title="bbox 1362 1164 1366 1787; baseline 0 0"><span class='ocrx_word' id='word_1_383' title='bbox 1362 1164 1366 1787; x_wconf 95' lang='lat' dir='ltr'><strong> </strong></span> 
     </span>
    </p>
   </div>
  </div>
 </body>
</html>
