2744 5024
399 237 457 301 ns
477 237 683 301 susurris
703 240 943 309 Amtsfflottss.
983 220 988 230 '
1222 248 1281 305 ass
1353 258 1361 349 2

56 367 185 461 semin,
208 391 373 465 charitatem
391 405 489 457 autem
505 417 563 457 non
577 397 714 468 habuero,
729 399 802 458 nihil
812 417 889 459 sum.
893 397 925 434 ”¹
956 398 1037 477 Ergo
1053 399 1116 459 fieri
1138 411 1237 477 posset
1249 409 1281 458 nt

54 485 155 553 ‘luis
167 489 314 567 ‘eximiam
337 490 459 550 haberet
478 493 576 563 fidem,
601 495 686 552 etiam
714 512 771 568 qua
791 494 927 553 miracula
947 503 1079 573 patraret,
1093 495 1282 554 licetonreret

32 576 231 665 ’ἥψω
240 582 357 655 amissa,
368 605 455 661 qnam
469 588 499 648 iu
513 588 655 664 baptismo
668 590 788 666 accepit,
795 590 917 666 justitia.

117 680 195 739 817.
218 679 390 740 Οοιιιοιιιιιιι
404 682 435 740 id
458 692 504 741 est
524 683 615 761 ipsius
630 684 741 742 Christi
762 684 881 743 Domini
902 685 996 754 dictis,
1018 687 1122 759 quibus
1147 687 1282 746 certiores
1324 676 1327 681 ’

51 773 227 834 efficimur
240 775 384 850 quosdam
399 779 449 853 qni
470 779 655 848 miracula,
629 797 693 857 ejus
705 779 821 839 nomine
836 780 978 850 invocato,
991 790 1144 858 patrarunt,
1158 783 1196 841 ob
1209 781 1284 840 mala

49 886 173 946 opere
185 868 381 931 damnandos:
405 882 425 910 ‘⁴
435 873 462 932 N
467 893 504 933 on
519 875 614 933 omnis
628 893 678 948 qur
669 873 761 933 dicit
774 874 846 933 mihi
867 875 1003 944 Domine,
1018 876 1154 945 Domine,
1169 876 1284 935 intrabit

54 965 111 1027 iri
124 984 250 1045 reguum
263 969 422 1040 coelorum
443 970 495 1029 sed
508 972 559 1045 qui
572 972 640 1030 iacit
652 971 825 1030 voluntatem
840 974 929 1049 patris
943 973 1012 1041 mei,
1026 975 1075 1046 qni
1090 975 1119 1032 in
1134 973 1214 1032 coelis
1229 983 1285 1041 est,

57 1060 201 1137 intrabit
214 1063 244 1121 in
257 1081 376 1141 regnum
391 1065 539 1125 coelornm.
580 1066 668 1125 Multi
681 1064 777 1124 dicent
790 1066 861 1125 mihi
877 1067 906 1125 in
921 1066 970 1124 illa
985 1067 1050 1125 die:
1072 1067 1209 1135 Domine,
1224 1064 1286 1127 Do*-

61 1159 283 1232 nine,'nonne
294 1162 323 1221 in
336 1165 454 1222 nomine
465 1180 514 1223 tno
526 1165 770 1247 prophetavimus,
783 1175 811 1222 et
824 1165 852 1222 iu
865 1166 981 1224 nomine
991 1174 1040 1222 tuo
1052 1152 1285 1243 demoniasjscl·
1304 1148 1313 1161 ’
1326 1156 1347 1229 J:

66 1271 162 1325 mus,
174 1265 207 1315 et
219 1256 251 1316 iu
263 1259 381 1316 nomine
396 1269 444 1318 tuo
458 1260 575 1318 virtutes
597 1260 700 1329 multas
721 1260 853 1318 fecimus.
895 1261 936 1319 Et
956 1271 1022 1319 tunc
1036 1261 1193 1319 confitebor
1206 1258 1285 1339 illisi

72 1352 161 1420 Quia
180 1371 340 1427 numquam
361 1356 428 1413 novi
449 1375 519 1414 vos:
542 1355 680 1414 discedite
701 1376 718 1414 a
738 1376 784 1414 me
807 1357 857 1429 qui
878 1358 1037 1433 operamini
1062 1355 1286 1431 iniquitatem.’'⁸
1308 1418 1311 1424 ,

70 1448 192 1522 Liquet
204 1467 255 1509 eos
268 1450 425 1510 crederem
439 1452 600 1522 Christum,
622 1471 746 1526 eumque
770 1454 913 1522 innuente,
929 1465 957 1511 et
977 1455 1091 1530 egregia
1111 1453 1179 1512 fidci
1199 1453 1273 1520 decu

76 1556 192 1614 menta,
213 1547 358 1606 miraculis
372 1558 402 1606 et
415 1550 566 1617 vaticiniis,
581 1549 658 1618 dare,
674 1550 805 1622 quamvis
819 1550 892 1626 justi
912 1568 970 1645 non
991 1551 1059 1618 sint,
1074 1550 1119 1608 vel
1134 1549 1264 1608 saltem
1255 1568 1286 1607 m

78 1641 196 1717 justitia
209 1641 287 1701 hand
301 1645 586 1725 perseveraverint

126 1742 196 1797 utu.
217 1740 374 1816 Apostolus
388 1740 514 1800 lacobus
526 1741 612 1800 fidem
628 1743 735 1814 absque
749 1742 882 1818 operibus
896 1742 991 1809 bonis,
1003 1751 1032 1798 et
1045 1742 1164 1818 proinde
1179 1742 1286 1815 absqne
1344 1758 1347 1763 ·

83 1835 196 1910 justitia
220 1852 285 1894 esse
300 1855 398 1912 posse,
420 1838 576 1897 manifesto
590 1836 683 1896 tradit.
725 1836 771 1894 De
785 1856 818 1894 en
832 1838 892 1894 aitz
915 1835 1022 1903 “Quid
1038 1835 1173 1913 proderit,
1186 1837 1285 1894 iratres

86 1933 155 2000 mei,
169 1950 194 1990 sr
186 1932 296 1992 fidem
318 1934 474 2008 quisdicat
491 1952 523 1993 se
544 1935 657 2002 habere,
673 1953 759 2010 opera
780 1942 874 1990 autem
896 1951 954 1990 non
968 1934 1093 1991 habenti
1135 1932 1285 2007 Numquid

87 2030 191 2104 poterit
202 2029 276 2087 fides
289 2030 398 2088 salvare
412 2032 510 2089 euml'
513 2031 535 2067 '⁸
575 2030 663 2090 Fides
679 2030 728 2088 ilia
745 2049 808 2103 qna>
822 2028 858 2086 ad
870 2029 990 2088 salutem
1006 2028 1213 2119 assequendam
1228 2048 1286 2088 non

88 2125 212 2200 prodest,
221 2126 362 2203 justitiam
378 2146 434 2185 non
449 2128 534 2186 habet
547 2128 691 2186 comitem.

125 2225 193 2280 319.
215 2221 263 2280 De
278 2221 374 2281 multis
395 2224 578 2300 optimatibus
606 2222 674 2281 dicit
688 2222 817 2281 Joannes
831 2240 882 2280 cos
907 2221 936 2280 in
953 2221 1102 2281 Christum
1118 2221 1286 2290 credidisse,

93 2320 223 2392 quamvis
249 2337 308 2377 non
335 2318 471 2377 auderent
491 2319 578 2378 fidem
599 2319 736 2396 profiteri,
757 2319 883 2377 humano
905 2318 1006 2377 timore
1030 2319 1173 2378 deterriti:
1207 2319 1286 2378 “Ex

90 2415 264 2493 principibus
273 2416 355 2474 multi
368 2414 547 2475 crediderunt
556 2417 585 2475 in
600 2436 677 2485 eum,
688 2416 738 2474 sed
751 2428 866 2494 propter
875 2417 1038 2476 Pharisaeos
1048 2437 1105 2477 nou
1115 2418 1288 2476 confiteban-

90 2521 139 2582 tur,
154 2522 187 2571 ut
200 2531 217 2570 e
230 2512 388 2591 synagoga
400 2532 459 2572 non
481 2514 659 2590 ejicerentur.
701 2513 872 2572 Dilexerunt
886 2517 962 2573 enirn
985 2516 1105 2590 gloriam
1126 2515 1286 2580 hominum,

91 2612 178 2688 magis
192 2628 279 2684 quam
301 2610 419 2687 glorium
443 2608 546 2667 Dei.’'⁴
584 2609 686 2667 Fidem
712 2627 762 2665 eos
784 2609 918 2666 habuisse
931 2611 1031 2682 liquet,
1054 2611 1160 2682 absque
1176 2610 1288 2684 justitia

90 2714 192 2775 umen,
208 2725 296 2780 quum
310 2707 449 2765 humanas
464 2705 568 2763 divinis
583 2704 753 2764 anteferrent
767 2704 900 2762 rationes.

124 2801 284 2862 Probomr'
296 2798 339 2862 II.
354 2821 391 2862 ca·
404 2802 561 2862 Patribus.

123 2902 196 2958 320.
219 2898 250 2958 S.
260 2898 402 2957 insumus
416 2898 502 2978 fidem
518 2899 625 2971 absque
640 2896 790 2955 dilectione
805 2894 880 2955 haud
902 2895 1039 2973 prodesse
1060 2895 1154 2966 docet,
1168 2896 1287 2974 proinde

86 2997 122 3054 ab
136 3014 174 3053 ea
187 2995 312 3071 separari
333 3013 439 3071 posse:
469 3003 592 3066 “neque
606 2993 780 3070 agnitionem
806 2992 869 3048 sine
890 2991 1042 3050 dilectione
1071 3010 1134 3065 quae
1155 3002 1199 3049 est
1221 3011 1288 3069 erga

82 3088 184 3152 Deum
199 3103 333 3169 prestare
347 3091 575 3164 aliquidfueque
589 3090 791 3166 mysteriorum
802 3089 1100 3166 comprehensionem,
1115 3108 1208 3163 seque
1224 3109 1287 3168 pro·

80 3191 227 3266 phetiam,
242 3188 294 3247 sed
307 3189 404 3248 omnia
417 3207 506 3246 vacua
520 3199 549 3245 et
562 3188 693 3245 smstrata
706 3207 771 3245 esse
785 3186 849 3246 sine
863 3185 1063 3246 ditectionem

125 3290 198 3345 set.
219 3286 252 3344 S.
269 3284 444 3344 Ournrsuus
459 3285 488 3342 in
500 3276 635 3343 invidiam
657 3293 685 3342 et
699 3285 922 3353 contentionem,
936 3285 991 3343 zeli
1005 3286 1132 3353 nomine,
1148 3285 1287 3353 invectus,

80 3386 125 3443 ait
139 3403 148 3440 ι
170 3392 191 3420 “
203 3381 357 3450 Quomodo
369 3392 461 3438 autem
477 3380 523 3438 vel
537 3399 638 3457 pacem
652 3380 783 3447 Domini,
798 3381 844 3439 vel
857 3381 1025 3440 charitatem
1039 3393 1125 3451 tenet,
1141 3383 1190 3456 qui
1205 3383 1288 3441 inter·

79 3478 206 3538 cedente
221 3476 297 3546 zelo,
311 3494 366 3536 nec
392 3475 529 3552 pacificus
554 3483 744 3550 potestesse,
767 3491 820 3530 nec
840 3476 946 3530 camsi
988 3475 1057 3533 ldco
1082 3470 1111 3532 et
1132 3476 1287 3551 Apostolus

80 3573 196 3633 Paulus
210 3592 276 3631 cum
292 3573 369 3649 pacis
384 3582 412 3629 et
423 3568 569 3628 charitatis
585 3567 684 3626 merita
704 3566 897 3644 depromeret,
911 3586 1033 3639 cumque
1054 3581 1229 3627 asseveraret
1243 3570 1288 3626 fir·

84 3670 173 3728 miter
185 3648 217 3727 et
228 3668 352 3735 doceret,
367 3687 420 3725 uec
436 3666 521 3724 fidem
543 3665 609 3732 sibi,
624 3682 677 3722 nec
692 3663 903 3739 eleemosynas,
918 3681 971 3721 nec
986 3663 1150 3739 passionem
1172 3680 1287 3736 quoque

88 3764 182 3842 ipsam
204 3762 377 3822 confessoris
400 3776 429 3820 et
452 3761 585 3837 martyris
608 3760 794 3835 profuturam,
809 3759 866 3818 nisi
891 3759 1034 3818 charitatis
1048 3757 1154 3818 ioedera
1168 3759 1288 3836 integra-

423 4034 461 4092 (1)
479 4030 497 4080 1.
514 4029 570 4079 Cor.
582 4029 634 4079 xiii.
642 4027 667 4078 1.

422 4120 460 4176 (2)
478 4116 540 4166 Mat.
551 4116 592 4165 vii.
601 4116 643 4164 21.

426 4205 466 4267 (3)
482 4203 567 4252 Jacii.
582 4203 620 4250 14.

425 4288 464 4352 (4)
484 4287 555 4336 loen.
567 4286 658 4335 xiiia

422 4371 463 4440 (5)
480 4371 510 4420 L.
521 4372 553 4421 iv.
564 4371 617 4421 eds.
630 4371 687 4420 her.
698 4385 718 4418 c.
731 4386 790 4420 xxv.
