2744 5024
66 290 113 349 'ld
348 287 406 348 DE
427 287 585 349 mvutls
604 285 982 349 renunculorum

76 445 210 506 Pluribus
231 444 355 504 celebrat
375 445 432 505 Job
445 446 519 504 hanc
541 463 635 504 rerum
657 445 785 504 omnium
800 444 967 502 scientiam:
990 443 1084 521 “ipse
1097 441 1176 500 enim
1198 428 1270 498 fines

77 541 177 601 mundi
204 543 337 611 intuetur,
365 553 394 600 et
419 544 516 601 omnia
542 560 606 615 qua
635 542 689 599 sub
717 541 787 599 caelo
818 551 886 599 sunt
920 538 1083 616 respicit.”¹
1133 534 1272 604 Quaedam

76 635 154 695 haud
174 636 269 696 videre
283 637 385 695 dicitnr
398 639 474 711 quod
495 657 529 696 ea
542 637 699 714 improbet:
723 645 742 672 ‘⁸
753 634 852 694 mundi
873 635 1028 692 suntoculi
1044 634 1147 701 tni‚,ue
1168 629 1266 689 rideas
1311 652 1314 659 ·

76 734 232 794 malum.’'’
269 734 327 793 Per
340 736 549 804 &taunacum
563 744 656 793 autem
672 732 774 791 dicitur
788 732 859 791 velle
873 733 947 789 scire
968 749 1032 806 quo
1045 748 1140 789 rerum
1155 726 1268 804 experi-

78 839 176 888 mento
189 839 284 906 patere
300 830 377 889 rultr
401 839 420 866 ‘⁶
429 829 610 888 Descendam
625 838 655 888 et
666 827 781 895 ridebo,
793 836 887 885 utrum
902 826 1066 892 clamorem,
1079 825 1130 898 qni
1146 823 1225 882 venit
1238 820 1273 880 ad

78 943 136 993 me,
150 943 237 1002 opere
257 927 473 1002 compleverint,
487 946 522 984 an
544 946 602 984 non
622 936 667 984 est
679 925 718 982 ita
739 934 769 982 ut
789 907 928 982 sciam.”⁸
968 920 1087 988 “Quod
1108 917 1272 998 proiectd,”

80 1021 278 1080 animadvertit
297 1021 415 1099 pulchre
430 1023 462 1081 S.
479 1024 580 1081 Petrus
601 1021 771 1086 Damianus,
788 1028 808 1056 ‘⁸
820 1017 856 1076 ad
878 1019 918 1076 nil
939 1018 1015 1076 aliud
1030 1018 1139 1075 dictum
1154 1013 1274 1082 ridetur,

80 1121 138 1179 nisi
152 1133 182 1180 nt
194 1122 320 1179 humana
332 1122 467 1179 doceatur
486 1121 644 1198 ignorantia
657 1119 720 1176 sine
735 1117 939 1194 experimentis
959 1115 1054 1173 audita
1067 1133 1124 1172 non
1148 1111 1275 1185 credere,

81 1217 225 1295 incognita
238 1236 295 1276 non
309 1217 408 1275 leviter
421 1218 592 1295 adjudicare,
607 1235 661 1275 nec
681 1226 745 1274 ante
760 1214 930 1273 sententiam
951 1231 1091 1290 promere,
1106 1229 1196 1284 quam
1215 1228 1277 1268 rem

64 1320 66 1325 '
85 1312 200 1371 dubiam
217 1315 387 1373 testimoniis
402 1315 613 1390 approbarit.”⁴

122 1414 173 1467 22.
194 1407 380 1468 litterarum
394 1418 473 1469 certa
483 1409 607 1469 scientio
623 1407 684 1468 Deo
699 1409 820 1481 omnino
835 1405 1030 1466 adscribendo
1041 1412 1103 1463 ests
1119 1413 1139 1441 “
1152 1404 1279 1463 Domino

84 1510 163 1564 enim
177 1509 242 1565 Deo
257 1517 406 1580 antequam
422 1518 593 1574 crearentur,
607 1511 704 1566 omnia
718 1516 785 1564 sunt
798 1507 912 1583 agnita:
934 1506 977 1561 sic
991 1515 1019 1560 et
1040 1513 1107 1580 post
1119 1507 1279 1579 perfectum

52 1670 58 1684 .
82 1601 200 1677 respicit
213 1601 356 1659 omnia.”⁵
395 1603 469 1660 Earn
485 1594 687 1679 perlectionem
702 1601 855 1659 celebravit
874 1611 952 1657 casta
971 1599 1123 1656 Susanna:
1166 1607 1187 1634 ‘⁶
1201 1597 1281 1656 Dens

85 1707 198 1765 eterne,
213 1697 262 1769 qui
277 1697 505 1756 absconditorum
520 1717 552 1754 es
563 1699 702 1774 cognitor,
716 1687 764 1768 qui
777 1695 851 1754 trosti
864 1696 961 1753 omnia
973 1706 1123 1767 antequam
1135 1691 1281 1750 frerent’il

85 1792 192 1852 Merito
207 1793 276 1850 dicit
288 1782 492 1860 Tertullianus,
509 1804 528 1830 ‘⁸
540 1794 746 1871 prescientiam
758 1793 814 1850 Dei
826 1803 916 1849 tantos
929 1791 1032 1849 habere
1045 1800 1141 1855 testes,
1155 1801 1279 1862 quantos

85 1889 152 1948 lacit
166 1889 364 1967 prophetas.”⁷
413 1892 590 1967 Augustinus
608 1891 711 1949 etiam:
734 1899 755 1926 ‘⁴
765 1888 906 1946 Confiteri
920 1906 984 1945 esse
1006 1887 1111 1953 Deum,
1126 1896 1155 1943 et
1171 1905 1278 1962 negare

86 1986 238 2063 praescium
255 1986 423 2051 futurorum,
439 1988 617 2061 apertissima
631 1987 742 2043 insania
755 1984 832 2043 est.’⁸
872 1983 1025 2051 Quomodo
1040 1995 1132 2040 autem
1159 2002 1225 2056 quae
1241 2000 1279 2039 ex

85 2080 174 2138 libera
188 2080 313 2138 hominis
328 2081 470 2137 voluntate
485 2080 610 2156 pendent
623 2079 700 2138 certd
716 2083 907 2157 proesciantnr,
923 2099 981 2136 non
995 2078 1066 2136 adeo
1087 2079 1170 2136 facile
1184 2078 1281 2137 conci-

86 2175 172 2251 pitur.
214 2173 373 2231 Thomistae
388 2174 484 2235 dicunt
498 2195 532 2232 ea
547 2174 672 2251 praesciri
693 2175 721 2232 in
736 2174 856 2232 decretis
880 2173 1202 2249 praedeterminantibus,
1217 2174 1282 2246 qui·

87 2268 141 2327 bus
152 2267 264 2326 scilicet
275 2269 354 2326 Deus
367 2270 492 2328 hominis
504 2270 677 2328 voluntatem
692 2282 849 2346 praemovet
858 2280 887 2326 et
897 2268 1081 2336 determinat3
1097 2267 1174 2340 quod
1188 2278 1285 2326 tamen

88 2364 252 2440 contingere
276 2364 451 2423 contendunt
464 2367 543 2424 salva
557 2366 694 2432 libertate,
710 2367 776 2439 quia
797 2376 951 2442 praemovet
972 2363 1064 2430 Deus,
1079 2363 1175 2421 habita
1190 2381 1285 2421 causa

88 2460 227 2536 proximae
239 2461 357 2528 ratione,
369 2460 440 2519 adeo
450 2472 482 2519 ut
492 2445 610 2520 effectus
621 2462 709 2519 libere
721 2461 839 2538 prodeat
849 2481 865 2519 a
876 2479 961 2518 causa
971 2460 1082 2527 libera⁸¹
1105 2459 1137 2516 S.
1153 2458 1287 2517 Thomas

89 2555 153 2632 ipse
175 2555 260 2613 docet
280 2556 345 2614 Deo
367 2558 463 2615 omnia
487 2559 521 2616 ab
541 2569 645 2615 aeterno
663 2559 814 2634 praesentia
834 2576 909 2624 esse,
924 2556 1027 2613 divina
1049 2555 1158 2612 scilicet
1179 2553 1302 2613 mentia

91 2659 111 2687 ‘⁶
121 2651 189 2723 quia
202 2652 264 2727 ejus
278 2652 396 2710 intuitus
417 2653 504 2711 fertur
516 2655 551 2711 ab
566 2665 670 2711 aeterno
684 2673 770 2730 supra
791 2655 896 2720 omnia,
912 2660 997 2728 prout
1008 2661 1075 2707 sunt
1095 2653 1124 2708 in
1137 2667 1191 2707 sua
1205 2668 1286 2727 prae·

89 2747 278 2806 sentialitute.
322 2748 406 2807 Unde
424 2750 605 2808 manifestum
621 2761 674 2818 est,
689 2749 765 2823 qnod
780 2749 971 2826 contingentia
993 2747 1176 2805 infallibiliter
1189 2766 1207 2805 a
1221 2746 1288 2826 Deo

91 2856 311 2920 cognoscuntur,
325 2844 355 2901 in
377 2855 515 2916 quantum
536 2845 694 2902 subduntur
713 2845 811 2902 divino
833 2843 1001 2920 conspectui
1021 2841 1179 2899 secundum
1201 2860 1286 2899 suam

90 2940 369 3016 praesentialitatem3
391 2949 420 2996 et
434 2953 528 3021 tamen
542 2952 609 2998 sunt
631 2940 723 2998 sutura
742 2941 803 2998 suis
824 2941 917 2998 causis
938 2937 1148 3015 comparata.’'⁰
1185 2937 1291 2996 Irridet

92 3035 227 3092 Clarkius
241 3053 342 3092 vocem
355 3035 429 3093 hanc
439 3036 585 3095 barbaram
597 3038 682 3095 veluti
698 3056 784 3095 sensu
798 3055 934 3104 vacuam3
948 3036 999 3094 sed
1015 3036 1106 3094 acrior
1119 3044 1148 3093 et
1161 3035 1290 3107 iniquior

93 3140 137 3186 est
150 3130 239 3187 critici
253 3148 382 3187 censura.
425 3132 511 3189 Mens
526 3135 614 3191 sancti
630 3133 763 3190 Doctoris
778 3133 905 3209 prolecto
917 3143 1004 3209 patet,
1019 3145 1047 3189 et
1061 3131 1159 3188 Sancti
1171 3133 1288 3207 Augus·

94 3225 145 3282 tini
161 3225 304 3309 {doctrinae
326 3227 480 3284 conformis
502 3229 664 3286 invenitur:
688 3229 795 3296 “Quid
816 3241 909 3287 autern
932 3222 1056 3286 futurum
1078 3239 1122 3285 est
1141 3227 1217 3295 Deo,
1239 3229 1290 3300 qui

93 3320 190 3378 omnia
212 3321 439 3398 praetergreditur
452 3324 601 3398 temporat
624 3325 656 3380 Si
670 3324 748 3380 enim
763 3324 883 3381 scientia
898 3323 955 3380 Dei
968 3341 1014 3379 res
1029 3322 1106 3397 ipsas
1120 3321 1216 3388 habet,
1230 3316 1290 3379 non

23 3402 30 3413 ‘
94 3401 201 3473 suntsi
215 3416 324 3484 suturae,
339 3417 390 3474 sed
405 3431 570 3493 praesentes.
583 3430 612 3475 et
625 3438 676 3495 per
689 3419 745 3476 hoc
762 3421 824 3496 jam
836 3437 892 3476 non
906 3418 1095 3494 praescientia,
1106 3417 1157 3474 sed
1169 3417 1291 3474 scientia

93 3511 151 3569 dici
165 3511 313 3587 potest.”²⁰
340 3513 407 3588 lpsa
418 3515 545 3572 omniunt
562 3513 743 3590 praesentium
754 3515 873 3573 scientia
884 3534 900 3571 a
911 3513 993 3575 nobis
1006 3513 1120 3589 concipi
1131 3527 1190 3570 non
1202 3512 1287 3579 valet,

95 3624 161 3665 nam
178 3617 197 3644 ‘⁸
210 3607 290 3665 Dens
305 3627 361 3666 non
382 3610 569 3684 particulatim
585 3610 629 3667 rel
642 3610 787 3686 sigillatim
809 3610 906 3666 omnia
929 3608 1022 3675 videt;
1041 3608 1116 3666 velut
1131 3608 1287 3666 alternante

91 3713 242 3777 conceptu,
257 3703 323 3760 hinc
336 3704 412 3769 illnc,
427 3704 492 3761 inde
512 3704 586 3762 huc:
609 3704 660 3761 sed
679 3705 776 3762 omnia
796 3703 872 3760 videt
885 3702 1032 3760 simul.’'·²
1071 3702 1184 3760 Adnue
1206 3703 1284 3774 qnod

97 3800 195 3856 attinet
215 3811 340 3859 nostram
363 3802 436 3859 haud
459 3785 607 3878 gravamur
631 3802 709 3859 fateri
734 3802 930 3877 ignorantiam,
953 3800 1105 3871 Datumque
1128 3789 1288 3857 futuromm

95 3894 248 3971 praecium
262 3914 426 3973 agnoscere,
439 3902 508 3970 quin
529 3899 671 3974 explicare
694 3896 890 3975 aggrediamur
911 3893 1056 3966 quomodo
1067 3895 1097 3955 ei
1117 3895 1175 3953 sint
1189 3894 1288 3969 explo-

647 3990 675 4033 3
1059 3997 1060 4001 ,

133 4107 171 4165 (1)
188 4101 244 4153 Jcb.
256 4103 341 4153 xxviii.
353 4106 394 4154 24.
730 4109 765 4168 (t)
784 4104 815 4153 L.
824 4104 849 4154 ii.
860 4111 945 4154 contra
956 4102 1130 4154 Marcionem

28 4201 30 4205 '
135 4193 172 4249 (2)
191 4189 253 4238 Hab.
265 4187 282 4237 i.
295 4191 335 4237 18.
729 4196 766 4254 (8)
785 4191 831 4241 De.
842 4191 890 4241 cir.
901 4190 949 4240 Dei
960 4191 976 4241 l.
988 4206 1011 4240 r.
1022 4207 1044 4240 c.
1053 4192 1078 4239 9.

134 4276 173 4333 (ut
190 4272 330 4323 Gemxriii.
342 4275 383 4321 20.
440 4287 441 4290 ’
727 4279 766 4336 (9)
783 4277 853 4326 Sum.
867 4278 926 4338 l.p.
937 4291 962 4339 q.
976 4277 1013 4323 14.
1031 4283 1075 4326 art.
1086 4274 1160 4325 Xlll.

135 4360 173 4421 (4)
190 4358 238 4422 llp.
250 4358 282 4407 iv.
293 4359 309 4408 l.
320 4358 336 4407 i.
347 4358 379 4407 sd
389 4357 499 4410 Leonem
510 4368 545 4410 ix.
730 4364 784 4422 (10)
802 4360 830 4410 1..
842 4361 868 4411 ii.
879 4362 910 4412 nd
922 4361 1031 4425 Simplie.
1041 4376 1085 4424 qu.
1096 4364 1120 4409 2.

137 4443 175 4500 (n)
189 4441 257 4490 Eocl.
268 4440 339 4491 xxiii.
348 4444 390 4491 29.
728 4446 782 4507 (11)
800 4445 827 4494 S.
840 4446 907 4508 Aug.
918 4446 934 4495 l.
946 4461 987 4495 xv.
998 4445 1029 4494 tls
1040 4443 1110 4494 Tria.
1121 4459 1144 4495 o.
1158 4445 1199 4494 14.

43 4565 47 4580 ,
136 4511 465 4586 mmmm'
