2730 5018
186 194 220 243 4„
870 210 873 218 .

116 299 178 356 220
479 295 536 354 DE
558 295 698 354 Phll‘l'll
719 292 943 353 vlnuttrno.

118 452 220 553 pplists
235 457 370 519 vocatur)
391 461 563 528 quapropter
583 451 663 527 virgo
684 462 855 526 conceptura
868 459 897 508 ct
911 450 1035 526 parituro
1053 447 1111 507 Dei
1125 447 1230 506 Filium
1241 444 1292 507 dni
1321 500 1324 505 .

117 558 179 606 tur:
201 547 277 621 quod
291 558 320 605 et
333 547 425 623 magis
440 555 518 622 patet
537 565 576 603 ex
589 545 734 618 colloquio
747 564 813 603 eum
827 545 930 621 angelo
950 545 1064 603 habito:
1087 543 1200 602 “Dixit
1218 557 1304 611 anum·

116 643 210 702 Maria
224 643 259 701 ad
273 643 435 719 Angelum:
457 641 610 707 Quomodo
630 641 680 698 stet
693 641 783 708 istud,
805 643 941 713 qnoniam
956 641 1048 698 virum
1069 658 1129 698 non
1149 646 1292 716 cognoscet

116 737 157 799 Et
170 737 347 815 respondens
361 736 489 814 Angelus
504 737 576 793 dixit
587 737 636 794 ei:
654 736 777 811 Spiritus
793 736 915 794 Sanctus
930 736 1114 812 superveniet
1127 735 1157 793 in
1171 745 1244 802 te,et
1253 738 1293 798 rir-
1354 756 1361 764 ·

117 843 162 891 tus
177 833 317 891 hltissimi
332 832 511 890 obumbrabit
524 831 585 888 tibi.
625 831 753 903 Ideoque
766 841 794 887 et
814 831 890 903 quod
911 843 1044 888 nascetur
1064 849 1103 888 ex
1126 840 1153 888 te
1175 839 1294 904 sanctum,
1336 884 1360 891 ,.

117 930 263 987 vocabitur
276 929 368 987 Filius
383 927 486 985 Dei.”¹
527 927 619 1004 igitur
630 928 737 1000 absque
751 927 803 984 uiri
818 928 995 1004 cognitione,
1005 928 1131 1004 Spiritus
1145 925 1295 1006 sauctispe-
1349 978 1356 984 .

120 1043 163 1092 ra,
177 1025 309 1099 concepit
322 1035 351 1081 et
365 1024 475 1099 peperit
489 1022 596 1081 Filium
607 1023 677 1080 Dei.

158 1117 310 1176 Probatur
323 1117 345 1175 I
348 1116 384 1176 V.
392 1117 459 1195 fide
466 1123 609 1193 perpetuo
623 1116 715 1175 totius
729 1117 809 1175 ordio
821 1117 992 1175 cbrirticni.

158 1218 207 1271 45.
232 1214 331 1271 Patres
346 1231 446 1270 omnes
461 1211 637 1287 appellamus
650 1222 745 1269 testes.
788 1213 902 1269 Paucos
914 1211 1083 1269 nominatim
1092 1210 1297 1274 laudamus-2⁸8.

119 1311 270 1370 Ernnnrr:
294 1318 313 1345 “
325 1308 394 1365 an
408 1306 531 1382 perdidit
543 1307 668 1382 sigillum
694 1318 794 1364 natura
808 1307 946 1384 virginio,
972 1307 1091 1364 Christo
1111 1317 1299 1382 conceptotet

119 1408 156 1465 ob
170 1405 199 1463 id
215 1423 308 1478 neque
323 1422 357 1462 eo
371 1407 469 1480 genito
482 1415 605 1460 reserata
617 1414 673 1470 est,
686 1412 717 1460 ut
730 1415 840 1480 partum
863 1405 894 1461 in
911 1405 1004 1462 lucem
1025 1403 1171 1461 ederet.”⁸
1209 1403 1238 1461 S.
1251 1407 1299 1465 hn-

119 1521 238 1561 unosrus
250 1520 258 1557 r
282 1510 301 1536 ‘⁴
315 1500 386 1557 Hoec
398 1510 442 1556 est
454 1500 533 1574 virgo
544 1518 607 1571 quae
620 1499 649 1556 in
663 1509 743 1556 utero
755 1500 896 1575 concepit,
909 1501 1047 1577 virgoque
1058 1499 1171 1576 peperit
1182 1488 1300 1560 filiunt*

122 1600 153 1659 S.
175 1599 385 1656 Eetrusnrcs:
408 1596 513 1661 “Quis
528 1595 586 1652 ullo
601 1606 728 1671 tempore
749 1615 885 1669 umquam
906 1598 999 1654 extitit
1013 1597 1061 1669 qui
1084 1597 1199 1654 Sanctae
1217 1597 1300 1658 Mario

120 1713 228 1754 nomen
241 1692 384 1770 appellare
399 1690 523 1759 auderet,
538 1703 566 1748 et
580 1710 640 1748 non
658 1703 772 1768 rogatus
786 1691 906 1750 subinde
921 1692 1049 1769 Virginis
1064 1693 1232 1751 vocabulum
1245 1693 1299 1773 adji-

121 1789 232 1846 ceretl⁴

160 1887 210 1941 to.
232 1883 372 1960 Symbola
386 1881 583 1954 antiquissima
597 1884 702 1954 ubique
722 1883 753 1939 iu
767 1882 900 1939 Ecclesia
919 1883 1032 1939 recitata
1046 1881 1168 1939 eandem
1189 1885 1299 1946 omnimo
1323 1917 1328 1923 -

120 1979 208 2038 fidem
223 1991 350 2037 testatam
365 1978 491 2036 iaciuut:
513 1986 666 2055 conceptos
678 1985 719 2036 sot
733 1978 768 2036 de
785 1977 903 2056 Spiritu
916 1977 1037 2045 Sancto,
1056 1985 1149 2036 uetur
1164 1995 1202 2036 re
1214 1977 1300 2039 Mario

126 2073 264 2152 Virgine.

160 2175 210 2229 47.
233 2169 365 2229 coucilia
379 2169 489 2241 aliaque
501 2168 569 2227 fidei
582 2170 708 2245 pristimo
719 2170 890 2229 documenta
897 2188 1045 2230 recensere
1056 2189 1114 2228 nou
1124 2170 1217 2246 juvat,
1227 2189 1302 2244 quum

123 2283 169 2322 res
186 2265 391 2324 dubitationem
405 2284 463 2322 non
477 2265 612 2341 patiatur„

518 2475 719 2519 OBJWHONL'S
737 2479 925 2518 Dlell'l'UD.

163 2618 213 2671 48.
238 2612 305 2693 obj.
323 2619 350 2673 l.
373 2616 444 2682 Quoe
458 2618 617 2675 reseruntur
630 2613 665 2671 de
679 2616 751 2672 miro
767 2615 878 2672 Christi
891 2624 1041 2690 conceptu,
1062 2623 1091 2672 et
1104 2615 1257 2683 nativitate,
1276 2634 1323 2673 ex
1358 2610 1361 2637 ²

121 2711 167 2767 sni
182 2718 279 2767 natura
293 2712 404 2768 occulta
417 2722 506 2779 erant,
530 2730 587 2769 nec
598 2710 783 2784 scriptoribus
797 2710 921 2784 cognita,
941 2710 995 2766 nisi
1019 2710 1120 2766 Mariae
1142 2710 1326 2767 testimonio.

121 2805 294 2865 verosimile
309 2817 402 2864 autem
417 2820 461 2865 est
474 2827 536 2865 eam
554 2808 667 2866 somnio
681 2807 838 2879 deceptam,
860 2814 1046 2862 consueverat
1059 2807 1170 2862 seilicet
1190 2808 1236 2883 pie
1251 2824 1325 2865 oon·
1355 2836 1361 2853 ·

121 2903 253 2979 temptari
268 2923 333 2975 quc
346 2904 381 2961 de
395 2904 488 2961 sutoro
504 2904 615 2961 Messio
625 2902 701 2978 apud
713 2902 732 2960 J
736 2901 830 2959 udaeos
845 2902 1079 2959 celebrabantur.⁵

160 3001 209 3054 49.
230 2997 320 3074 Rerp.
337 2999 497 3075 Scriptores
512 3018 609 3056 sacros
623 2998 758 3054 divinitus
773 2997 882 3054 afflatos
897 2997 1059 3054 credimus:
1082 2997 1138 3054 sed
1146 2999 1177 3054 si
1194 2998 1321 3057 humane
1358 2987 1361 2996 ’

121 3103 262 3165 quaeratur
272 3097 433 3163 auctoritas,
448 3096 547 3151 Mariae
558 3096 657 3165 utique
669 3095 861 3151 testimonium
875 3095 952 3150 omni
965 3095 1133 3168 exceptione
1145 3097 1238 3171 majus
1250 3105 1314 3161 erat,
1345 3146 1352 3155 .

120 3205 184 3244 eam
199 3187 275 3243 enim
291 3187 425 3245 divinitus
440 3188 558 3244 electam
575 3188 684 3244 Christi
710 3199 831 3244 matrem
845 3188 920 3244 nulla
935 3188 1075 3244 mendacii
1090 3191 1220 3264 suspicio
1242 3201 1320 3265 pote-

122 3288 164 3336 rat
178 3278 307 3339 afficere.
343 3281 417 3338 Eam
433 3281 554 3340 somniis
568 3281 633 3336 suis
643 3280 771 3338 delusam
786 3281 903 3357 conjicit
916 3283 1093 3350 Furnesius3
1114 3279 1184 3356 quin
1194 3284 1314 3360 explicet

118 3473 126 3498 ¹.
154 3435 191 3495 (l)
209 3433 271 3484 Luc.
280 3435 295 3486 i.
308 3438 349 3485 tt.

156 3520 198 3585 (2)
218 3520 249 3568 ln
260 3520 325 3569 Orat.
338 3520 368 3569 de
379 3522 509 3582 margarita
518 3521 635 3586 pretiosa.

154 3606 194 3670 (³)
214 3604 261 3667 Ep
272 3608 287 3652 7
299 3604 329 3653 ad
337 3600 460 3654 Siricium.

155 3687 195 3750 (t)
212 3688 281 3736 Her.
290 3687 385 3736 lxxviii.

153 3769 193 3831 (5)
211 3769 327 3818 «unua
337 3786 434 3820 women
447 3771 476 3819 os
488 3771 531 3820 the
542 3771 631 3820 devetrt
642 3771 682 3820 old
701 3772 809 3820 Hebrcrr
819 3773 923 3832 hneege,
937 3772 1030 3833 related
1038 3779 1064 3820 to
1075 3772 1119 3822 the
1132 3773 1279 3836 priosthood,
1295 3777 1328 3826 os

117 3852 159 3904 the
169 3853 262 3908 tottteet
270 3855 385 3916 religione
395 3856 525 3916 character,
536 3859 668 3914 betrothed,
687 3858 735 3906 and
746 3866 773 3907 to
782 3875 813 3906 an
825 3857 959 3908 individua!
971 3858 1031 3906 who
1039 3859 1120 3907 troced
1135 3859 1174 3917 hie
1183 3859 1285 3910 desecat
1296 3869 1328 3915 tor

117 3939 170 3989 that
178 3939 311 3989 illustrious
319 3942 369 3990 lios
380 3943 408 3990 οἱ
421 3943 501 3992 David
513 3944 595 3993 which
605 3945 782 4008 waeexpected·
791 3952 816 3992 to
826 3945 930 4007 produce
939 3945 983 3992 the
992 3945 1108 4003 Messian,
1119 3947 1170 3994 and
1179 3953 1204 3995 at
1212 3962 1230 3995 o
1238 3946 1327 4010 pericu
1349 4004 1354 4013 ,

117 4022 191 4072 when
203 4022 243 4072 the
259 4023 340 4073 whole
351 4027 435 4075 notimt
447 4043 498 4075 wau
509 4028 611 4089 weiting
621 4030 716 4091 eogerly
729 4028 766 4075 for
782 4028 823 4076 the
840 4028 905 4077 birth
920 4030 951 4076 ot
961 4029 1003 4078 the
1019 4029 1179 4079 hearemsent
1197 4004 1361 4099 moveres

118 4108 206 4159 should
216 4109 279 4158 bave
297 4110 358 4158 been
370 4109 457 4158 risitcd
469 4111 528 4159 with
541 4112 605 4160 virid
625 4112 804 4162 drocus-thet
815 4113 859 4161 she
870 4113 957 4162 should
969 4114 1030 4162 hore
1042 4130 1057 4162 a
1068 4115 1148 4164 vision
1163 4115 1193 4163 ol
1205 4131 1237 4164 on
1249 4106 1361 4193 augei,

117 4193 212 4256 haifinp
221 4193 266 4242 her
276 4209 303 4242 as
314 4192 355 4241 the
366 4193 483 4242 levoured
494 4195 588 4243 mother
599 4197 628 4244 of
634 4197 675 4244 the
684 4196 872 4245 Messiah-and
885 4212 946 4246 even
957 4199 1010 4247 thet
1020 4199 1064 4247 she
1076 4199 1163 4248 should
1174 4200 1259 4249 tlreun
1268 4200 1327 4266 thot
1348 4246 1351 4251 .

118 4279 162 4328 she
174 4278 270 4343 abead]
281 4279 339 4326 bore
350 4277 403 4326 that
419 4278 486 4341 Holy
499 4279 554 4327 One
566 4279 652 4328 within
672 4280 783 4330 her-cll
799 4281 848 4330 this
868 4281 957 4346 isvery
968 4285 1081 4342 natura13
1096 4284 1147 4332 end
1162 4300 1191 4333 so
1206 4285 1242 4334 lar
1258 4284 1328 4336 uon

117 4363 246 4425 breatbing
256 4380 271 4412 e
281 4362 365 4411 breath
377 4361 472 4424 against
480 4362 521 4410 the
533 4363 611 4425 virgin
622 4364 703 4429 purity
716 4366 745 4414 of
751 4366 794 4422 ber
805 4367 881 4431 spirit,
892 4368 953 4417 such
965 4385 980 4416 c
988 4369 1071 4418 dream
1082 4385 1121 4417 we
1131 4385 1189 4433 moy
1198 4371 1285 4431 rogerd
1296 4385 1332 4419 u

52 4480 61 4487 ,
117 4460 131 4494 a
142 4446 261 4509 touching
272 4445 405 4496 indication
416 4446 446 4494 ol
457 4461 471 4494 e
482 4448 584 4511 spotless
595 4448 671 4507 mind,
683 4449 731 4517 ⁰f.‘
742 4449 794 4500 that
804 4451 893 4520 seiutlp
904 4451 1009 4521 cuncty
1020 4468 1053 4504 ro.
1059 4450 1117 4509 deor
1126 4460 1153 4503 to
1162 4451 1332 4509 beticum-.-

119 4529 195 4580 Jecur
206 4529 263 4580 uod
277 4528 318 4581 hir
335 4527 513 4597 biographer,
525 4545 551 4595 p.
560 4531 635 4605 ίῳ,
646 4531 664 4581 i.
670 4548 696 4599 p.
709 4535 771 4589 122,
1326 4560 1335 4567 -
