2730 5018
367 264 425 325 DE
448 262 600 325 TRIBUS
621 265 668 326 IN
690 265 1280 337 DEOPERSONIS.180

121 420 192 476 152.
213 417 305 497 Resp.
327 418 396 478 Fuit
409 421 525 493 quidem
539 424 619 481 omni
634 434 772 500 tempore,
784 427 841 482 ab
834 427 904 502 ipsis
919 447 959 485 rei
952 428 1133 487 'christianae
1145 432 1280 500 exordiis,

33 562 36 567 .
84 512 387 575 celebreinEoclesia
408 517 493 575 trium
518 537 703 594 personarum
727 521 756 579 in
781 540 838 579 uuo
861 523 925 580 Deo
948 524 1137 599 mysterium:
1159 527 1281 600 ideoque

85 607 229 667 damnatus
246 618 293 667 est
306 611 394 668 Arius
403 613 497 671 statim
510 633 542 671 ac
554 615 622 672 illud
635 616 739 673 violare
750 635 836 674 ausus
846 628 898 685 est,
912 619 978 676 Filii
990 639 1130 695 supremae
1142 623 1282 698 majestati

85 702 261 769 detrahendo.
319 706 462 765 Caeterum
478 727 565 779 quum
581 711 667 767 variis
686 712 790 769 artibus
806 712 910 769 celaret
925 714 970 770 vel
984 714 1196 773 commendaret
1208 735 1283 775 erro·

89 815 153 866 rem,
168 801 267 876 plures
281 825 299 863 a
311 803 380 861 fidei
393 801 574 878 simplicitate
588 803 715 862 abduxit.
758 805 842 871 Quod
858 804 893 863 de
908 800 1017 882 Spiritu
1032 808 1137 866 Sancto
1151 809 1222 866 nihil
1236 809 1283 866 de·

33 938 38 993 ,
88 895 222 954 creverint
236 898 353 957 Nicaeni
373 899 484 965 Patres,
499 898 628 974 contigit,
643 900 759 971 quiade
781 901 856 958 Filio
878 911 935 958 tota
948 913 1007 959 erat
1026 905 1208 972 concertatio,
1229 922 1282 961 nec
1311 922 1314 929 ’

33 1056 37 1083 ·.
89 989 140 1048 uisi
153 993 256 1062 obiter,
272 1005 301 1052 et
314 1013 366 1071 per
380 994 625 1066 consequentiam,
642 995 765 1072 Spiritus
787 997 884 1054 Sancti
898 997 1031 1055 divinitas
1052 999 1216 1075 impugnata
1229 1008 1282 1056 est.

88 1084 162 1143 ldcm
187 1088 445 1165 impraesentiarum
467 1089 616 1164 contingit,
633 1090 756 1147 Unitarii
782 1092 858 1148 enirn
884 1103 981 1149 contra
1005 1093 1110 1150 Filium
1126 1093 1281 1170 presertim

85 1192 219 1258 pugnant,
235 1183 307 1255 adeo
331 1193 363 1241 ut
384 1194 442 1241 tota
465 1186 656 1242 controversia
679 1204 744 1243 eum
767 1188 908 1262 respicere
930 1188 1066 1246 videatur.
1108 1189 1178 1246 Non
1198 1189 1285 1263 igitur

85 1277 185 1336 mirum
202 1279 341 1337 Nicanos
363 1279 463 1336 Patres
477 1278 549 1336 nilril
564 1280 698 1354 symbolo
713 1280 748 1338 de
771 1282 878 1357 Spiritu
904 1282 1009 1339 Sancto
1030 1283 1178 1358 adjecisse,
1194 1300 1283 1354 quum

86 1371 117 1429 ad
130 1371 323 1432 damnandum
339 1375 515 1462 praecipuum
531 1393 653 1432 errorem
671 1377 720 1433 toti
735 1386 833 1434 esseut
849 1376 959 1435 intenti.
1002 1377 1144 1435 Caeterum
1160 1377 1283 1453 insignia

83 1466 259 1526 laudavimus
274 1470 437 1526 testimonia
451 1467 519 1525 fidei
534 1469 687 1545 primaevae,
698 1489 762 1542 quae
772 1471 925 1529 ostendunt
937 1491 1007 1528 vana
1018 1491 1083 1555 esse
1095 1471 1130 1529 de
1140 1471 1282 1546 dogmatis

86 1579 234 1637 pmgressu
250 1563 395 1639 figmenta.

123 1661 189 1714 153.
215 1656 283 1736 ouj.
298 1663 348 1715 23.
372 1657 559 1731 Unaquaeque
575 1676 697 1735 persona
710 1658 807 1717 divina
820 1660 949 1718 dicitura
963 1661 1122 1738 Theologis
1137 1663 1282 1738 propriam

87 1753 184 1811 babere
210 1755 396 1823 voluntatem,
427 1756 609 1831 propriisque
630 1757 710 1831 fungi
731 1758 907 1814 muneribus.
949 1758 1034 1815 Pater
1057 1759 1142 1815 mittit
1164 1759 1283 1826 Filium,

90 1848 215 1925 necipss
237 1849 367 1907 mittitur'.
409 1850 501 1907 Filius
522 1850 661 1908 mediator
682 1859 735 1916 est,
752 1869 835 1907 carne
859 1864 1015 1928 assumpta,
1039 1853 1108 1924 quin
1128 1853 1222 1919 Pater,
1237 1853 1284 1910 vel

89 1943 204 2020 Spiritus
218 1944 341 2001 Sanctus
356 1940 406 2001 fiat
417 1944 517 2000 homo.
557 1936 631 2000 Haec
645 1945 720 2000 entia
735 1944 866 2001 distincta
880 1945 963 2020 plane
979 1945 1124 2004 denotant.

122 2044 189 2099 154.
209 2037 301 2117 Rerp.
324 2041 489 2111 Unicuique
504 2058 633 2115 personae
649 2039 777 2111 quaedarn
800 2042 960 2099 tribuuntur
979 2042 1115 2100 relatione
1139 2042 1281 2117 personali

86 2136 197 2221 innisa:
219 2135 273 2193 sed
285 2154 387 2193 omnes
401 2135 528 2192 actiones
544 2152 607 2206 quae
618 2133 660 2192 ud
672 2141 757 2193 extra
771 2134 912 2202 dicuntur,
924 2137 1034 2194 scilicet
1046 2156 1108 2209 quae
1118 2156 1163 2194 res
1176 2147 1282 2194 creatas

85 2232 247 2314 respiciunt,
262 2240 329 2289 sunt
342 2231 377 2288 iis
393 2247 571 2287 communes.
614 2228 709 2293 Quum
725 2230 884 2305 personalis
897 2229 996 2287 relatio
1012 2248 1082 2288 vera
1096 2231 1143 2298 sit,
1158 2229 1194 2287 de
1214 2249 1283 2288 una·

84 2320 193 2399 quaque
214 2343 336 2401 persona
350 2325 402 2381 rite
416 2323 592 2381 affirmantur
605 2342 671 2396 quae
685 2343 719 2380 ea
733 2325 899 2383 innituntur.
941 2323 1033 2382 Filius
1048 2344 1065 2382 a
1079 2326 1163 2384 Patre
1184 2343 1287 2401 proce·

81 2420 130 2488 dit,
144 2430 175 2477 et
194 2419 260 2478 ideo
284 2420 370 2478 abeo
385 2419 458 2476 mitti
473 2418 575 2476 dicitur
595 2427 627 2476 ut
649 2418 767 2494 originis
791 2420 890 2477 relatio
914 2438 972 2477 una
996 2438 1060 2478 cum
1086 2421 1282 2497 assumptione

78 2518 212 2576 humanm
227 2526 333 2576 naturae
343 2515 492 2575 indicetur.
514 2517 599 2574 Pater
609 2525 703 2574 autem
712 2534 891 2589 nequaquam
902 2517 1029 2584 mittitur,
1040 2535 1128 2588 quum
1139 2517 1281 2574 anemine

77 2613 226 2689 procedat,
245 2622 276 2671 et
287 2614 442 2671 humanam
461 2620 589 2670 naturam
603 2630 659 2670 non
673 2614 869 2688 assumpserit.
911 2611 996 2678 Quod
1016 2620 1112 2668 autem
1133 2610 1225 2667 Filius
1240 2627 1284 2666 as-

36 2744 39 2749 ·
76 2706 237 2788 sumpserit
247 2728 372 2778 carnem,
380 2710 465 2767 Patre
475 2709 520 2766 vel
530 2709 638 2784 Spiritu
649 2709 754 2767 Sancto
766 2727 828 2766 eam
838 2726 895 2765 non
905 2716 1078 2773 assumente,
1089 2705 1207 2780 contigit
1216 2704 1283 2776 quia

78 2806 249 2882 conjunctio
264 2805 338 2863 saeta
351 2823 409 2861 non
423 2812 468 2861 est
481 2804 510 2860 iu
525 2812 623 2861 natura
634 2802 740 2870 divina,
756 2803 849 2861 sedin
864 2802 931 2859 Filii
946 2819 1078 2877 persona.
1120 2799 1162 2856 lta
1175 2816 1235 2856 rem
1251 2817 1282 2854 se

76 2901 237 2960 habereex
261 2901 357 2959 divina
371 2901 517 2975 Scriptura
530 2901 674 2969 novimus,
690 2918 753 2972 quae
777 2899 902 2955 Verbum
925 2916 1037 2955 carnem
1060 2896 1165 2953 factum
1189 2893 1282 2959 docet,

83 2999 157 3072 quin
170 2997 207 3056 de
222 2999 307 3057 Patre
322 3010 370 3055 aut
384 2997 492 3072 Spiritu
508 2997 614 3054 Sancto
629 2996 656 3053 iu
672 2995 773 3053 alicubi
794 2994 958 3051 affirmetur.
1001 2993 1032 3051 Si
1046 2992 1108 3050 haec
1129 3009 1210 3048 mens
1232 2990 1284 3047 hu·

79 3112 167 3151 mana
181 3094 235 3150 vix
249 3092 397 3168 pereipiat,
412 3110 469 3148 non
484 3091 549 3148 i'deo
563 3090 598 3148 de
613 3091 648 3147 iis
663 3109 726 3162 quae
741 3089 876 3146 revelavit
889 3088 970 3144 Deus
986 3083 1172 3143 dubitandum
1187 3093 1243 3142 est.

123 3195 193 3248 155.
220 3189 289 3267 Obj.
305 3194 355 3246 24.
377 3189 471 3246 Purus
488 3200 573 3264 putus
588 3188 781 3246 Platonismus
797 3196 840 3242 est
854 3184 924 3242 illud
937 3184 1085 3241 Trinitatis
1101 3184 1281 3258 mysterium,

79 3283 160 3358 quod
183 3284 275 3356 liquet
288 3302 325 3341 ex
340 3302 375 3341 eo
390 3283 466 3356 quod
492 3284 554 3359 ejus
578 3281 706 3339 vindices
729 3282 868 3338 fateantur
887 3289 915 3336 et
937 3277 1109 3336 contendant
1133 3277 1284 3335 Platonem

78 3381 234 3439 trinitatem
251 3379 408 3437 docuissc.¹

122 3477 192 3532 156.
207 3473 297 3550 Hesp.
309 3473 437 3531 immane
447 3483 492 3529 cst
501 3472 654 3529 discrimen
664 3471 736 3528 iuter
744 3469 883 3535 Platonis,
894 3479 921 3526 et
931 3468 1143 3525 Platonicomm
1155 3465 1284 3532 triadem,

78 3580 110 3629 et
120 3572 291 3648 mysterium
307 3570 504 3636 christianum,
519 3570 560 3627 uti
574 3568 707 3644 colligere
722 3575 765 3623 est
776 3585 811 3623 ex
824 3566 895 3640 ipsis
908 3564 1019 3640 scriptis
1034 3565 1064 3619 in
1078 3563 1181 3634 quibus
1192 3563 1285 3619 conati

80 3666 285 3740 suntquidam,
296 3666 389 3723 zelum
400 3665 547 3732 habentes,
556 3664 606 3722 sed
616 3661 836 3722 nonsecuudum
847 3659 1005 3726 scientiam,
1015 3657 1185 3715 Trinitatem
1198 3657 1286 3713 aPla·

80 3772 149 3821 torre
173 3763 296 3839 agnitam
312 3761 471 3820 ostendere:
493 3778 523 3815 so
534 3773 636 3834 apator,
647 3785 698 3823 νους
715 3776 766 3814 seu
780 3779 855 3834 ispo„
867 3767 895 3812 et
908 3769 974 3830 ψυχη
985 3782 1084 3831 sospes.
1105 3750 1179 3828 apud
1195 3750 1286 3827 philo·

81 3859 209 3935 sophum
225 3868 388 3925 occurrunt,
404 3856 455 3914 sed
471 3855 589 3912 vocibus
604 3853 649 3910 his
673 3853 757 3930 longe
770 3853 823 3909 alia
840 3853 883 3907 vis
905 3850 1033 3906 tribuitur
1055 3867 1087 3905 ac
1111 3849 1200 3905 tribus
1215 3867 1286 3920 quas

80 3955 206 4013 colimus
221 3954 323 4012 diviuae
338 3962 443 4011 naturae
459 3951 602 4028 personis.
644 3949 709 4007 Jam
725 3947 974 4006 animadvertimus
995 3948 1123 4000 mentem
1145 3960 1197 4010 seu
1219 3941 1287 3999 Ver·

79 4051 155 4110 511111
169 4052 196 4109 ei
211 4070 274 4108 esse
290 4070 400 4109 eonem
415 4047 558 4123 quendam
573 4067 588 4104 a
603 4064 716 4104 summo
731 4045 795 4102 Deo
809 4052 945 4108 creatum,
960 4057 1018 4112 quo
1031 4057 1102 4096 usus
1124 4047 1168 4095 est
1184 4038 1292 4100 instro.

79 4157 182 4207 mento
204 4149 233 4205 in
248 4147 357 4206 ceteris
379 4145 534 4204 creandis.⁸
573 4142 688 4202 Anima
703 4152 795 4200 autem
819 4138 926 4200 mundi
947 4155 1005 4196 non
1029 4136 1153 4212 Spiritus
1174 4144 1218 4192 est
1238 4133 1286 4193 ille

115 4362 158 4422 (1)
175 4358 240 4406 Vide
252 4358 318 4407 Kidd
330 4374 362 4408 on
374 4357 415 4406 the
425 4354 526 4418 Trinity
534 4353 605 4418 Prop.
616 4354 702 4403 xxxiv.
712 4370 736 4416 p.
749 4355 807 4399 538.
825 4349 893 4399 Oine
908 4347 1043 4398 Cudvvorth
1055 4352 1079 4393 et
1091 4342 1194 4405 Ogilris.

114 4445 156 4504 (2)
174 4441 293 4492 Pstsvius
302 4442 334 4491 de
344 4441 465 4491 Trinitrte
474 4441 491 4491 l.
502 4456 523 4490 c.
531 4439 549 4488 i.
565 4437 619 4487 Alii
630 4435 729 4486 nonnisi
740 4436 868 4486 verborum
877 4433 929 4482 sine
936 4446 1011 4482 seusu
1018 4428 1156 4494 magonem
1164 4426 1191 4479 in
1203 4425 1292 4479 Plato.

77 4525 121 4576 nis
133 4522 212 4575 triade
221 4525 311 4574 vident.

1243 4642 1259 4719 't
