2744 5024
73 268 136 333 U
372 266 430 327 DE
451 266 634 335 vocteus
654 264 959 331 summeium.

262 716 405 777 CAPUT
425 715 480 776 lv.
520 714 577 776 DE
605 714 790 776 vocluus
809 714 1117 776 Tflssououtcle

120 912 188 967 100.
209 908 256 969 De
269 908 389 983 pupibus
400 907 542 985 pluribus,
551 926 623 983 qum
632 907 741 985 pmim
752 906 898 987 'theologi
909 926 1051 985 usurpem
1061 916 1252 977 consueverunt

78 1000 114 1061 de
128 1003 185 1061 hoc
199 1000 339 1081 mysterio
352 1014 514 1072 metantes.
521 1004 584 1080 jam
597 1002 744 1071 diximum
758 1000 891 1075 quedem
903 1012 1063 1079 supersunt
1075 1002 1239 1085 expliee'nie.

118 1104 190 1159 200.
210 1099 339 1169 nauto,
353 1100 383 1160 in
396 1100 514 1169 divinis,
523 1110 573 1159 est
590 1098 672 1167 ordo,
686 1116 739 1156 seu
758 1108 919 1175 respectus,
932 1098 1021 1157 unius
1042 1116 1170 1177 persone
1182 1098 1211 1159 si
1224 1099 1253 1157 sl·

80 1204 179 1253 teum.
208 1194 280 1252 tue
293 1205 362 1253 sunt
374 1211 544 1253 communes
554 1194 643 1252 tribus
657 1193 801 1269 personis,
813 1194 856 1250 uti
868 1203 937 1251 suut
947 1190 1094 1253 mestum
1106 1192 1254 1271 epuditut:

79 1286 143 1345 sliu
151 1286 335 1365 personales,
350 1307 414 1361 que
428 1288 540 1346 seilicet
551 1306 590 1347 ex
607 1289 842 1366 processionibus
854 1288 995 1348 oriuntur.
1027 1288 1156 1357 Qustuur
1167 1298 1259 1349 nunut'

80 1380 125 1439 he
138 1390 223 1439 sunt:
239 1381 420 1458 paternitas,
433 1382 554 1451 seilicet,
560 1380 687 1462 filiatio,
697 1382 823 1461 spiratio
837 1380 948 1449 αιίίυιι,
959 1391 990 1440 et
1001 1381 1130 1461 spiratio
1143 1378 1254 1461 passim

82 1475 241 1534 Paternites
254 1486 299 1535 est
311 1476 411 1536 relatio
425 1478 518 1535 Patris
532 1478 676 1555 gignentis
697 1477 733 1535 ed
754 1476 861 1536 Filium
876 1494 962 1551 quem
976 1477 1088 1555 gignit:
1111 1478 1215 1536 Filistiu
1224 1484 1257 1535 ιιι

81 1570 180 1628 relatio
193 1571 283 1648 geniti
304 1571 340 1629 ad
361 1573 541 1649 genitorem:
564 1573 689 1651 Spiretio
707 1556 802 1630 ectivs
814 1582 859 1631 est
871 1572 972 1630 relatio
994 1572 1090 1631 Petris
1113 1582 1143 1631 et
1160 1568 1257 1631 Fiunt

82 1665 222 1742 Spiritum
236 1666 385 1735 Sanctum,
400 1685 486 1742 quem
501 1668 596 1736 ambo,
607 1668 696 1727 instar
705 1667 785 1725 unici
796 1666 943 1744 principii,
954 1665 1093 1744 spirando
1104 1666 1256 1743 producunt:

83 1761 209 1838 spiratio
222 1763 337 1839 passive
349 1772 394 1820 est
406 1761 505 1822 relatio
516 1762 641 1839 Spiritus
652 1763 751 1821 Sancti
762 1761 798 1819 sd
809 1762 924 1820 Putrem
935 1772 965 1821 et
975 1762 1095 1820 Filium.
1116 1761 1256 1820 Relationu

83 1856 129 1915 hie
143 1854 233 1914 reales
248 1866 324 1926 sunt,
338 1875 423 1916 secus
438 1857 516 1916 nulle
527 1866 606 1916 esset
620 1874 805 1934 personamus
819 1855 976 1915 distinctio.
1010 1854 1157 1915 Ceterum
1171 1854 1263 1913 celebre

84 1962 129 2011 est
152 1953 267 2011 axionm
288 1952 437 2010 Anselmi:
460 1951 598 2011 “Omnis
621 1953 653 2011 in
676 1952 782 2011 divinis
801 1961 870 2011 suut
888 1968 981 2009 unum
1001 1959 1033 2009 et
1051 1950 1141 2019 idem,
1155 1950 1200 2008 ubi
1216 1963 1265 2007 uon

84 2046 534 2124 obvietreletiouitoppusitio.”
1052 2096 1055 2101 .

126 2147 197 2201 201.
221 2141 478 2211 Circuminemie,
493 2142 598 2201 (emes
616 2160 785 2221 κιμχωρηας,
810 2140 867 2201 diei
887 2140 962 2199 solet
981 2151 1083 2199 mutus
1104 2152 1272 2219 personemus

88 2237 251 2297 divinarum
264 2238 296 2296 iu
308 2255 342 2296 se
355 2236 481 2297 invicem
494 2238 656 2305 existentia,
671 2237 701 2296 vi
714 2236 827 2295 scilieet
839 2227 946 2296 nature
963 2237 1098 2294 unitatis:
1122 2245 1142 2273 ‘⁴
1152 2236 1214 2294 Non
1223 2244 1284 2293 ete·

87 2330 154 2389 ditis
168 2332 236 2403 quia
248 2350 303 2409 ego
316 2332 344 2390 in
359 2332 455 2400 Patre,
467 2340 496 2390 et
508 2332 594 2391 Peter
607 2331 639 2389 iu
650 2348 698 2389 me
705 2340 750 2389 est
756 2330 806 2387 1”1
825 2330 905 2389 Hine
917 2330 949 2389 S.
959 2330 1131 2409 Fulgentius
1139 2351 1153 2391 s.
1166 2329 1289 2389 ‘tumr

87 2436 132 2491 est
146 2425 230 2484 Pater
243 2426 272 2484 in
287 2426 363 2484 Filio
376 2434 405 2483 et
417 2425 526 2502 Spiritu
540 2424 658 2493 Sancto.
673 2433 748 2483 totus
762 2424 858 2485 Filius
870 2425 901 2482 in
914 2425 1000 2484 Putre
1011 2435 1041 2482 et
1051 2424 1289 2502 spirensium,

88 2528 117 2579 et
131 2529 206 2579 totus
221 2522 345 2602 Spiritus
359 2522 482 2580 Sanetus
497 2522 526 2579 in
541 2522 627 2580 Putre
641 2529 670 2579 et
690 2520 815 2579 Fili0.”¹

129 2620 199 2681 202.
221 2616 332 2676 M'teeio
346 2617 381 2675 de
396 2617 500 2675 divinis
516 2617 647 2694 personis
661 2615 840 2692 predicetur,
855 2614 1072 2674 habitatatione
1086 2611 1289 2692 processiouuae

89 2720 122 2769 et·
130 2712 279 2773 mistionis.
289 2713 408 2789 alicujus
423 2710 459 2769 ed
473 2720 625 2769 creaturas.
667 2710 712 2768 De
728 2711 813 2768 Putre
830 2711 916 2787 igitur
928 2729 1085 2783 numquam
1098 2709 1210 2777 dieitur,
1223 2705 1289 2780 quin

90 2825 108 2863 e
121 2808 236 2866 nemine
250 2807 395 2884 prueedit3
410 2805 446 2864 de
460 2806 536 2865 Filio
550 2814 644 2864 autem
658 2823 747 2882 sepe,
763 2805 837 2863 sieut
850 2814 879 2863 et
892 2803 927 2862 de
942 2805 1050 2882 Spiritu
1066 2805 1184 2863 Sancto.

130 2907 200 2961 20³.
225 2901 358 2963 Nomina
376 2901 504 2980 propriu
523 2920 557 2959 ea
578 2911 645 2959 sunt
665 2901 769 2974 quibus
791 2919 921 2977 persone
942 2898 1172 2977 distinguuntur:
1197 2900 1285 2965 Paten

91 2998 212 3066 scilieet,
234 2999 336 3066 Filius,
358 3008 387 3055 et
407 2999 531 3073 Spiritus
553 2998 686 3055 Sanctus.
728 2995 932 3074 Approprt'uta
951 2997 1069 3055 nomina
1090 3015 1125 3054 ea
1144 3006 1213 3055 suut
1226 3012 1281 3069 que

91 3092 224 3149 omnibus
244 3091 311 3149 lieet
324 3093 504 3158 conveniant,
519 3092 569 3148 uni
590 3091 705 3148 alterive
726 3092 895 3166 plerumque
916 3091 1086 3149 tribuuntur.
1130 3091 1180 3149 Sic
1201 3091 1285 3168 primu

92 3204 215 3263 petsoue
229 3185 322 3244 Pater
335 3194 434 3245 noster
454 3196 482 3244 et
498 3185 620 3244 Creator
634 3187 792 3261 presertim
807 3186 919 3245 dieitur.

132 3283 202 3338 204.
224 3278 323 3337 Ritus
346 3278 474 3337 Verbum
501 3286 626 3346 vocatur,
641 3288 742 3351 estque
765 3280 861 3357 imago
877 3281 932 3339 Dei
948 3280 1128 3339 invisibilis!
1168 3279 1289 3358 Spiritui

97 3373 225 3433 Sanctus
240 3385 355 3432 vocatur
368 3391 453 3433 amor
474 3372 567 3435 Patris
581 3383 610 3432 et
634 3374 712 3442 Filii,
728 3373 840 3434 donum
860 3377 946 3434 etiam
970 3374 1039 3434 Dei.
1082 3376 1121 3433 Ei
1137 3376 1289 3435 tribuuntui

95 3489 159 3543 quae
173 3471 326 3530 bonitatem
341 3471 466 3530 divinam
481 3470 624 3548 precipue
636 3471 855 3531 commendant:
873 3491 900 3528 v.
914 3491 943 3548 g.
965 3472 1117 3548 conceptio
1143 3471 1256 3529 Christi
1269 3470 1289 3526 ii

95 3578 174 3627 utero
189 3568 328 3647 Virginis,
343 3568 469 3627 hominis
483 3568 679 3626 sanctificatio.
702 3567 808 3625 Omnia
823 3577 918 3625 tantm
932 3585 1020 3645 opem
1033 3566 1130 3626 divina
1148 3565 1191 3625 ud
1204 3574 1286 3626 extra

97 3666 137 3725 uti
152 3666 231 3724 aiunt
244 3666 398 3742 Theologi,
414 3665 577 3724 eommunia
591 3677 657 3723 sunt
671 3665 759 3725 tribus
775 3664 916 3740 personis.

135 3765 205 3817 205.
227 3760 272 3817 De
287 3769 363 3819 tanto
384 3758 522 3836 mysterio
542 3758 703 3832 loquentes,
719 3756 876 3815 cavendum
891 3776 958 3816 nee
977 3765 1093 3832 recepta
1106 3768 1136 3815 et
1157 3758 1289 3817 Ecclesia

98 3857 215 3936 probate
239 3857 346 3915 radone
366 3857 504 3931 loquendi
528 3855 694 3914 recedatur:
718 3854 801 3912 facile
823 3852 901 3911 enim
926 3872 1005 3911 error
1025 3854 1165 3930 obrepere
1189 3864 1288 3932 posset

102 3952 202 4012 Unum
224 3962 298 4012 recte
312 3953 443 4011 dicuntur
456 3962 512 4012 ties
527 3970 668 4028 personae,
683 3948 736 4008 sed
756 3966 812 4006 uon
836 3967 919 4006 unus.
964 3946 1060 4007 Unica
1080 3960 1109 4006 et
1129 3947 1289 4026 singularis

99 4050 155 4109 Dei
169 4050 295 4110 essentia
307 4048 428 4107 dicenda
447 4059 571 4115 nonest,
587 4067 623 4105 ne
645 4064 773 4123 personae
792 4044 887 4121 piures
909 4045 1007 4122 negari
1027 4045 1187 4105 videantur.
1235 4045 1289 4104 Net

528 4280 564 4339 (l)
581 4275 654 4324 Jueu.
666 4273 717 4324 xiv.
728 4278 768 4324 11.

524 4364 563 4423 (2)
580 4358 610 4408 L.
622 4359 712 4408 deiide
723 4359 754 4408 ed
766 4358 867 4411 Petrum
877 4373 900 4409 c.
911 4359 928 4409 i.

531 4448 569 4509 (0)
588 4442 710 4496 Colossi,
724 4447 763 4494 1⁶.
