2744 5024
80 296 122 356 ro
250 251 252 259 ’
371 289 432 351 uu
448 287 710 351 carniacum
727 276 1025 352 nonancurte

81 456 195 515 conatu,
210 445 261 505 sed
282 447 409 524 simplici
422 445 576 528 yoluntatis
596 455 662 505 actu
680 446 782 506 omnia
798 447 947 524 gubernet,
960 454 992 505 et
1012 445 1048 506 ed
1061 448 1152 508 daem
1166 449 1280 529 dirigat,

81 543 115 603 ld
127 545 159 604 lit
174 545 354 621 plerumque,
368 563 427 603 non
440 545 560 622 speciali
579 555 608 604 et
621 543 774 603 manifesto
787 544 851 619 ejus
864 544 1037 614 interventu,
1045 545 1099 604 sed
1114 565 1168 623 per
1181 565 1282 607 cauma
1312 615 1317 622 ,

79 640 232 709 mareu,
246 654 311 714 qne
331 661 368 700 ox
383 642 484 700 virtute
505 641 561 700 sibi
581 641 717 700 divinitus
731 640 798 698 datu
817 650 915 718 egunt,
929 651 958 700 et
978 660 1111 718 superum
1132 645 1280 721 subjacent

79 735 261 797 ordinationi.
302 739 410 798 Earum
425 739 551 807 delectu,
561 739 702 815 contingit
714 738 813 796 Deum
833 738 986 812 aliquando
999 739 1073 799 fi'nes
1094 741 1279 816 particulares

14 905 19 916 ,
79 831 157 892 haud
178 834 302 906 assequi,
318 853 391 906 quos
405 835 515 892 scilicet
534 833 697 893 conditione
721 833 846 906 quadem
858 834 910 893 niti
933 834 1112 904 voluitased
1123 852 1280 909 numqum

79 927 228 987 frustratur
238 929 366 990 divinum
378 927 542 998 consilium,
553 948 619 988 nam
631 930 697 988 tinia
710 928 936 1003 ultimus,.quem
952 929 1033 988 Deus
1047 930 1104 988 sibi
1119 932 1287 1016 praestituit·

79 1025 557 1104 etdecrevit,semperobtinctur.
610 1046 614 1053 ·
1153 1017 1156 1022 ’

120 1124 174 1178 bl..
184 1121 324 1197 Quamuis
333 1122 429 1179 dirim
438 1112 617 1198 providentia
624 1138 671 1179 res
680 1138 781 1180 omnes
791 1120 1005 1198 complectatur,
1014 1139 1075 1180 non
1082 1121 1146 1198 pari
1153 1121 1279 1180 solicitu-

78 1215 148 1274 dine
161 1219 351 1276 animantibus
360 1218 513 1294 prospicit,
526 1235 583 1289 qua
595 1217 717 1285 hominu
730 1227 903 1294 quapropter
915 1217 1073 1294 Apostolus
1084 1217 1122 1276 de
1131 1228 1279 1295 praecepto

78 1308 163 1387 legis,
177 1311 301 1370 netbovi*
310 1311 449 1368 trituranti
469 1311 651 1370 obturaretur
662 1330 707 1379 os,
721 1311 876 1380 disserens,
886 1311 964 1370 illud
984 1312 1117 1370 altiorem
1134 1312 1279 1386 includere

78 1406 320 1484 significationem
340 1407 495 1476 contendit,
511 1426 659 1480 quaerens:
674 1417 696 1444 ‘⁴
707 1407 838 1481 Numqid
853 1407 888 1466 de
903 1408 995 1467 bobus
1012 1426 1079 1466 cure
1099 1418 1145 1465 est
1159 1408 1225 1468 Deo
1235 1407 1278 1465 l”¹

79 1500 280 1579 Hieronymus
294 1503 379 1561 etiam
393 1503 451 1560 ait:
469 1512 489 1540 ‘⁶
499 1502 652 1562 absurdum
666 1521 730 1561 esse
744 1502 779 1560 ad
793 1502 849 1561 hoc
864 1498 920 1561 Dei
934 1503 1074 1562 deducere
1089 1503 1279 1580 majestatem,
1323 1520 1325 1525 ·

78 1607 111 1657 ut
123 1601 195 1658 sciat
214 1619 266 1676 per
280 1612 425 1658 momenta
438 1601 560 1677 singula,
573 1610 643 1672 quot
656 1609 809 1657 nascantur
821 1600 940 1668 culices,
956 1611 1061 1673 quotve
1076 1600 1281 1659 morianturss’a

79 1696 186 1756 Meritb
201 1698 328 1772 quidem,
343 1719 410 1758 nam
423 1699 491 1756 licet
504 1698 577 1757 nihil
597 1697 725 1756 divinum
740 1707 927 1774 conspectum
942 1697 1069 1776 effugiat,
1084 1697 1218 1770 nihilque
1232 1715 1281 1756 ex·

29 1801 33 1806 '
78 1802 121 1852 tra
142 1792 271 1853 divinum
294 1796 423 1872 regimen
437 1795 475 1852 sit
496 1795 635 1871 positum,
650 1811 695 1852 res
716 1792 883 1870 hujusmodi
905 1793 1060 1870 specialem
1080 1792 1160 1851 illam
1183 1811 1280 1852 curum

78 1884 156 1951 haud
169 1904 323 1952 merentur.
703 1948 706 1952 Δ

118 1994 167 2046 52.
185 1989 294 2047 Contra
303 1989 508 2064 providentiam
517 1989 642 2046 maxime
650 1986 780 2044 videntur
789 1986 880 2044 lacere
888 1982 1179 2045 rerumhumanarum
1189 1987 1279 2056 vices,

78 2100 142 2156 quie
156 2102 194 2141 ex
208 2086 310 2141 virtute
326 2084 482 2155 meritoque
496 2103 555 2141 uon
574 2081 708 2159 pendent;
724 2083 830 2158 sapius
844 2084 921 2140 enirn
936 2083 1018 2158 impii
1032 2083 1191 2159 prosperis,
1208 2083 1280 2159 justi

78 2177 351 2237 adversiantuntur:
368 2179 472 2251 deque
485 2198 515 2237 re
525 2181 670 2255 justorum
681 2178 804 2258 querele
816 2179 845 2237 in
857 2179 929 2254 ipsis
941 2179 1096 2255 Scripturis
1108 2179 1280 2237 reseruntur.

53 2281 57 2289 “
80 2273 223 2332 Oaeterum
245 2274 313 2331 licet
327 2274 490 2331 “universa
509 2291 590 2346 aeque
608 2275 741 2331 eveniant
756 2275 836 2350 justo
856 2284 885 2331 et
898 2275 999 2349 impio,
1014 2270 1094 2331 bono'
1103 2283 1133 2330 et
1153 2273 1284 2342 malo;‘’³

78 2368 108 2428 id
122 2387 238 2427 summo
252 2370 373 2427 consilio
387 2369 535 2446 contingit,
550 2381 582 2426 ut
595 2369 787 2445 intelligamus
800 2387 896 2426 rerum
910 2369 987 2426 hunc
1000 2368 1131 2426 ordinem
1146 2386 1205 2426 non
1219 2367 1282 2431 sore

77 2464 325 2543 perpetuum,.sed
346 2465 420 2522 hanc
443 2465 529 2522 veluti
554 2474 663 2541 partem
685 2465 787 2531 totius,
806 2463 870 2522 De'o
892 2464 923 2522 in
943 2474 1090 2540 posterum
1112 2463 1282 2521 hominibus

78 2562 199 2637 proemia
210 2562 255 2619 vel
266 2579 365 2638 poenas
377 2579 543 2637 repensuro,
556 2560 591 2619 ad
599 2561 739 2638 justitiam
751 2560 940 2618 statuendam.
982 2560 1100 2618 Interim
1110 2560 1282 2637 praeclarum

78 2657 259 2734 benignitatis
272 2658 445 2733 'exemplum
461 2658 543 2715 nobis
565 2658 725 2724 exhibetur,
740 2666 771 2713 ut
785 2675 852 2732 erga
871 2657 1005 2716 inimicos
1026 2657 1148 2714 benefici
1168 2666 1281 2732 patrem

26 2738 30 2747 ’
78 2753 224 2812 coelestem
245 2753 399 2820 innitemur,
415 2754 497 2825 “qui
517 2754 609 2811 solem
631 2770 715 2809 suum
736 2752 804 2810 oriri
818 2750 885 2808 sacit
904 2770 992 2827 super
1012 2752 1103 2809 bonos
1117 2763 1146 2809 et
1166 2752 1280 2811 malos-z

5 2841 7 2849 ’
58 2879 59 2883 ’
77 2860 106 2909 et
120 2852 192 2927 pluit
204 2869 290 2927 super
307 2851 401 2926 justos
416 2860 445 2907 et
457 2849 629 2926 injustos.’'⁴
669 2848 814 2928 Caeterum
835 2847 969 2923 praeclara
983 2866 1199 2920 nonnumquam
1215 2849 1288 2925 pro·'

79 2947 209 3005 videntia
225 2947 330 3005 indicia
350 2947 398 3003 dat
412 2946 503 3012 Deus,
518 2946 624 3020 impios
647 2944 847 3020 percellendo;
870 2963 923 3002 nec
937 2964 1072 3017 umquam
1088 2945 1203 3002 famulis
1217 2947 1281 3004 suis

78 3041 167 3109 deest,
183 3040 234 3098 sed
248 3041 452 3108 eossublevat,
467 3041 597 3112 viresque
608 3037 665 3104 dat,
681 3039 796 3110 quibus,
809 3039 915 3096 invicto
928 3039 1050 3112 laetoque
1065 3039 1171 3107 animo,
1187 3043 1282 3116 perle-

77 3144 149 3202 rant,
162 3153 228 3206 quae
240 3135 350 3190 virtutis
363 3143 392 3191 et
404 3135 551 3209 religionis
566 3152 651 3192 causa
665 3135 824 3209 patiuntur..
860 3135 931 3192 Ideo
942 3135 1015 3193 dixit
1029 3135 1197 3211 Apostolus,
1210 3135 1282 3196 fide·

77 3232 151 3290 libus
167 3231 236 3288 dans
252 3232 362 3287 animos
383 3230 418 3288 ad
434 3231 592 3288 tolerandas
607 3250 767 3289 aerumnas:
792 3230 930 3289 “Fidelis
946 3247 1040 3289 autem
1062 3232 1142 3289 Deus
1158 3241 1212 3300 est,
1228 3234 1281 3305 qui

78 3345 137 3385 non
151 3325 276 3402 patietur
288 3342 339 3380 vos
356 3325 456 3382 tentari
470 3344 556 3400 supra
570 3324 598 3382 id
614 3325 691 3397 quod
703 3326 833 3402 potestis,
846 3325 896 3382 sed
910 3326 994 3382 faciet
1007 3326 1093 3383 etiam
1103 3344 1174 3383 cum
1189 3335 1281 3384 tenta·

77 3422 154 3480 tione
176 3430 345 3496 proventum
367 3430 398 3477 ut
419 3421 536 3496 possitis
557 3420 746 3478 sustinere.'’⁵
786 3422 836 3478 Sic
857 3440 920 3493 quae
943 3423 1067 3480 maxime
1090 3421 1280 3480 adversantur
1322 3479 1325 3496 ,

5 3546 11 3561 ·
77 3518 184 3574 sanctis
198 3516 356 3574 inserviunt
370 3515 555 3574 adsalutem:
573 3526 592 3552 ‘⁸
603 3517 717 3574 Scimus
730 3526 822 3574 autem
835 3517 969 3589 quoniam
982 3517 1167 3592 diligentibus
1179 3517 1279 3576 Deum

77 3615 175 3674 omnia
195 3626 383 3691 cooperantur
402 3617 431 3672 in
454 3616 570 3682 bonurn,
592 3616 639 3683 iis,
655 3617 704 3687 qui
724 3614 882 3672 secundum
903 3616 1088 3690 propositum
1104 3616 1197 3672 vocati
1211 3627 1281 3674 sunt

76 3711 215 3770 saucti.’'⁰

116 3810 164 3863 53.
181 3805 342 3878 Nexusqni
350 3807 424 3863 inter
432 3825 531 3864 carram
541 3806 678 3882 physicas
688 3823 814 3878 suosque
823 3804 942 3863 effectus
953 3805 1100 3881 reperitur,
1111 3804 1220 3863 nullam
1231 3804 1281 3864 det

77 3899 243 3960 dubitationi
257 3901 292 3959 de
309 3902 374 3959 Deo
389 3901 554 3978 providente
569 3903 682 3960 locum:
699 3900 830 3973 quamvis
844 3901 921 3972 enim
937 3899 1102 3957 ad-causam
1118 3900 1279 3958 naturalem

76 3996 180 4055 referre
196 3996 347 4068 aliquando
364 3997 448 4054 liceat
460 4006 608 4063 eventurn,
621 4014 708 4067 quem
731 3997 856 4071 priorum
873 4005 1033 4070 temporum
1048 3994 1217 4066 ignorantia,
1231 3996 1279 4054 vel

76 4093 177 4168 pietas,
194 4092 228 4149 ad
251 4093 347 4149 Deum
362 4094 542 4150 consueverit
561 4093 673 4159 referre,
689 4092 737 4148 irae
758 4092 821 4167 ejus
836 4092 866 4149 in
887 4112 921 4150 eo
943 4111 1102 4170 agnoscens
1124 4092 1276 4161 indicium,

77 4206 135 4247 non
149 4187 214 4246 ideo
229 4188 323 4245 omnis
337 4187 400 4262 ejus
414 4188 513 4246 relatio
528 4188 562 4246 ad
577 4188 672 4246 Deum
692 4188 753 4246 tolli
766 4197 876 4264 potest:
899 4197 943 4247 est
956 4190 1033 4248 enim
1048 4189 1111 4266 ipse
1127 4190 1212 4249 totius
1228 4209 1277 4249 na-

143 4380 154 4443 )
176 4383 187 4426 l
203 4379 260 4428 Gor.
271 4381 305 4429 ix.
317 4380 342 4428 9:
776 4382 818 4447 (t)
838 4381 908 4430 Mart.
921 4398 944 4430 v.
955 4384 997 4431 45.

142 4463 153 4526 )
173 4461 210 4511 In.
222 4478 243 4512 c.
258 4467 280 4511 l,
291 4465 420 4515 Hebucuee
495 4473 496 4477 ’
777 4467 819 4531 (5)
842 4465 1007 4515 lCor.x.13.
