2730 5018
364 111 424 177 nn
445 111 614 175 uulnus
634 112 683 175 ru
700 98 888 174 etrursno
910 110 1104 174 nannius.
1276 115 1336 171 sao

236 528 383 590 CAPUT
404 527 458 590 lV.
499 528 556 588 DE
578 527 747 589 DUABUS
768 527 813 589 IN
835 527 1020 587 CHRISTO
1041 527 1238 589 NATURIS.

34 688 54 728 '⁸'
179 704 232 761 91.
253 702 328 762 Fere
341 701 429 764 simrss
448 721 514 761 cnm
531 701 707 762 Nestoriano
720 720 824 771 errore,
839 703 875 761 de
888 701 998 760 duabus
1020 702 1050 760 in
1065 702 1183 761 Christo
1197 703 1340 781 personis,

44 788 57 817 ³
133 798 299 862 contrarius
314 798 350 859 de
371 800 456 859 nniea
478 799 540 877 ejus
557 809 655 857 natura
674 799 840 875 pullulavit:
864 818 952 873 quum
974 799 1051 856 enirn
1074 799 1238 876 Eutyches,
1254 799 1343 858 archi·

136 892 283 960 mandrita
296 891 643 972 Constantinopolitanus',
658 895 708 969 qui
722 895 833 955 scilicet
843 895 1047 953 monachorum
1059 895 1197 952 coenobiis
1212 895 1344 973 plurimis

138 1000 273 1075 preerat,
290 991 419 1050 Nestorii
432 1009 557 1050 errorem
573 990 695 1050 evellere
709 989 843 1059 studeret,
859 991 889 1048 in
903 990 989 1048 alium
1004 989 1112 1048 incidie
1150 990 1219 1049 Non
1234 997 1345 1048 constat

13 1077 17 1112 ³
54 1112 59 1118 ·
138 1104 200 1163 qno
214 1106 304 1146 sensu
318 1088 432 1146 unicam
456 1087 651 1165 praedicaverit
662 1086 774 1144 Christi
795 1096 922 1144 hamram
943 1097 1009 1163 post
1030 1087 1178 1154 unionem,
1193 1105 1247 1144 nec
1268 1087 1346 1145 enirn

50 1200 56 1213 ·
139 1184 241 1245 extitit
253 1194 352 1243 natura
364 1185 427 1263 ejus
440 1185 567 1242 humana
580 1194 732 1257 antequam
747 1193 949 1252 assumeretur,
961 1184 1002 1241 uti
1011 1194 1087 1241 recte
1102 1180 1299 1241 animadvertit
1314 1183 1345 1243 S.

144 1278 208 1341 leo
220 1278 266 1338 Μ.
282 1287 304 1315 “
317 1278 426 1339 Natura
439 1288 536 1338 nostra
549 1298 606 1337 non
621 1280 666 1337 sic
680 1290 826 1355 assumpta
836 1288 889 1347 est,
901 1288 933 1336 ut
945 1279 1025 1355 prius
1037 1288 1130 1337 creata
1144 1288 1210 1355 post
1221 1297 1348 1337 assume·

26 1442 32 1449 ,
149 1384 233 1443 reurr,
247 1374 300 1457 sed
313 1382 346 1432 ut
365 1375 428 1453 ipsa
443 1375 639 1451 assumptione
659 1373 846 1432 crearetur.”²
886 1374 1013 1432 Fuerunt
1026 1394 1064 1433 ex
1084 1375 1148 1452 ejus
1162 1374 1347 1433 sectatoribus

13 1486 15 1493 ’
59 1538 67 1549 ,
151 1472 199 1547 qui
212 1472 340 1530 dicerent
361 1472 530 1530 “mansisse
544 1470 732 1538 divinitatem,
747 1472 782 1529 ab
796 1471 850 1529 hae
866 1470 933 1530 verb
955 1472 1117 1550 absorptam
1133 1490 1196 1530 esse
1217 1471 1349 1530 humani·

155 1578 245 1637 tatem,
260 1581 292 1627 ut
305 1588 384 1629 mare
398 1568 491 1627 mellis
506 1579 614 1647 guttam
634 1568 661 1626 si
674 1569 804 1646 accipiat,
825 1569 920 1627 statim
941 1568 1019 1628 enim
1036 1579 1114 1647 gutta
1134 1570 1183 1629 illa
1203 1570 1349 1627 evanescit

159 1685 228 1741 aque
239 1666 326 1724 maris
341 1665 529 1743 permixts.”⁸
548 1666 605 1724 Alii
616 1664 745 1723 ridentur
756 1664 904 1724 tradidisse
916 1676 1065 1740 utramque
1077 1677 1204 1725 naturam
1217 1668 1248 1724 in
1262 1683 1349 1723 unam

161 1763 300 1831 coaluisse,
316 1760 387 1821 adeo
409 1773 440 1820 ut
462 1782 526 1835 que
546 1780 584 1820 ex
608 1780 705 1820 earum
731 1763 920 1838 permixtione
944 1772 1006 1820 orta
1028 1763 1076 1830 sit,
1100 1765 1134 1821 ab
1157 1762 1288 1821 alterutra
1312 1762 1350 1818 sit

166 1857 273 1916 diversa.

13 1944 94 1991 ²¹⁰⁵*
196 1956 240 2011 12.
263 1952 384 2030 Synndo
398 1951 649 2029 Constantinopoli
670 1952 775 2021 habita,
791 1972 866 2011 anno
880 1957 949 2023 448,
967 1973 1045 2012 error
1065 1955 1265 2031 Eutychianos
1287 1975 1351 2032 pro·

13 2024 85 2129 culp,
166 2050 273 2126 scriptus
287 2059 341 2117 est,
356 2050 390 2107 S.
407 2049 544 2107 Flaviano
555 2046 714 2125 ¹Episcopo
728 2049 805 2107 illius
827 2051 905 2109 urbis
927 2061 1039 2126 agente.
1081 2051 1126 2109 Ab
1146 2070 1182 2109 eo
1203 2053 1351 2131 consultus¹

11 2126 20 2161 ¹
37 2113 97 2177 Q'*
168 2146 215 2205 heo
228 2144 363 2204 Pontifex
377 2145 526 2205 Romanas
540 2154 678 2203 vetustam
694 2145 779 2202 tidem
794 2142 967 2223 dogmatice
977 2146 1112 2222 exposuit
1125 2147 1256 2222 epistola,
1266 2130 1357 2221 qnam

11 2220 97 2273 ’Ποῖ-1
171 2256 298 2315 unquam
312 2241 392 2300 Petri
407 2260 506 2300 vocern
522 2243 646 2299 venerati
668 2254 735 2299 sunt
760 2242 859 2299 Patres
875 2240 1060 2300 Chalcedone
1082 2244 1256 2319 congregati,
1276 2262 1354 2303 anno

10 2317 45 2359 '¹¹²
66 2330 101 2373 ᾖ
170 2342 224 2397 ttl.
263 2338 356 2395 Antea
369 2337 542 2414 Eutychetis
555 2338 660 2395 artibus
675 2337 861 2395 Theodosius
876 2338 977 2414 junior
990 2337 1106 2396 delusus
1128 2339 1279 2414 Synodum
1295 2344 1353 2399 lun

10 2414 104 2467 ΜΗ·
169 2435 355 2513 φίωοροιιιιιι
378 2433 492 2511 Ephesi
516 2433 622 2499 habuit,
639 2433 687 2491 ubi
708 2433 807 2491 omnia
828 2434 857 2491 vi
881 2443 910 2492 et
923 2436 1010 2492 armis
1031 2443 1093 2492 aeta
1114 2437 1200 2502 sunt?
1211 2435 1353 2495 Dioscoro

20 2494 108 2565 fflss
170 2528 348 2589 thumum
363 2528 522 2605 patriarcha
536 2528 693 2605 Eutycheti
707 2529 829 2585 favente.
872 2528 944 2586 Hoee
959 2529 1082 2587 rescissa
1100 2531 1210 2588 suntin
1230 2532 1353 2589 concilio

10 2607 42 2649 ⁸¹²
56 2600 112 2661 ⁶⁵⁰
168 2624 458 2694 Cmdonensimui
478 2625 608 2683 sexcenti
625 2624 741 2682 aderant
762 2625 903 2702 episcopi,
928 2634 957 2684 et
979 2624 1135 2685 Dioscorus
1157 2627 1227 2686 sede
1251 2628 1352 2686 merito

165 2723 282 2801 meon·
294 2735 351 2782 ⁸¹2
1346 2796 1351 2803 .

13 2800 111 2853 ΨΜ
196 2820 244 2877 ⁰8.
266 2818 346 2877 Varii
360 2817 391 2877 hi
404 2834 514 2877 errores
527 2817 579 2891 qui
592 2835 630 2875 ex
643 2818 705 2875 Arii
719 2828 848 2894 tempore
861 2819 937 2877 circa
956 2818 1161 2879 incarnationis
1181 2823 1353 2898 mysterium

161 2924 222 2973 sunt
234 2914 300 2982 orti,
316 2912 438 2992 pleniori
449 2915 514 2993 ejus
535 2914 724 2990 propositioni
747 2914 886 2973 dederunt
904 2916 1011 2984 locum,
1027 2916 1099 2976 adeo
1113 2929 1144 2976 ut
1165 2917 1276 2977 Christi
1297 2918 1355 2981 nu

156 3010 322 3071 etho-inis
336 3011 510 3073 honorinde
521 3024 683 3089 exurgeret,
697 3030 756 3085 quo
769 3031 836 3071 eum
855 3014 1042 3090 pessumdare
1062 3014 1151 3074 voluit
1169 3018 1283 3094 generis
1305 3018 1357 3077 hn-

157 3108 233 3168 mani
247 3108 349 3166 horus.
390 3106 521 3169 “Unum
535 3108 716 3182 eundemque
729 3109 859 3168 contltsri
880 3111 986 3170 Filium
999 3121 1029 3170 et
1049 3111 1207 3171 Dominum
1226 3124 1355 3174 nostrum

151 3207 257 3266 Jesnnr
271 3205 422 3265 Christum
442 3215 634 3281 copsonanter
646 3224 747 3265 omnes
768 3206 939 3277 docemus,”
963 3209 1062 3268 dicunt
1083 3220 1178 3286 patres
1197 3212 1356 3272 Chalcedo-

154 3322 272 3373 nenses,
284 3303 440 3362 “eundern
459 3292 616 3381 perlectum
639 3304 669 3362 in
683 3304 796 3370 deitate,
810 3316 839 3363 et
852 3305 974 3364 eundem
996 3307 1153 3383 perfeetum
1177 3309 1206 3366 in
1226 3310 1357 3368 humani·

151 3410 223 3467 tate,
238 3398 335 3459 neum
350 3416 447 3458 serum
462 3407 493 3457 st
505 3400 651 3458 hominem
668 3419 782 3469 rerum;
803 3401 926 3460 eundem
940 3421 977 3460 ex
991 3403 1086 3459 anima
1106 3405 1236 3462 rationali
1251 3417 1280 3463 et
1294 3425 1356 3463 cor·

154 3514 238 3573 pore,
252 3495 523 3555 consubstantialem
547 3496 623 3554 Patri
645 3497 803 3557 secundum
824 3498 967 3566 deitatem,
982 3498 1251 3559 consubstantialem
1271 3503 1356 3560 nobis

153 3592 281 3653 eundem
294 3591 452 3651 secundum
467 3591 683 3659 humanitatem,
694 3611 745 3667 per
755 3594 853 3650 omnia
865 3593 990 3652 similem
1004 3593 1088 3651 nobis
1099 3594 1207 3667 absque
1223 3606 1355 3671 peccato:

154 3699 223 3749 ante
237 3688 343 3747 secula
355 3687 471 3762 quidem
485 3687 521 3746 de
544 3688 629 3747 Patre
652 3689 781 3766 genitum
802 3687 958 3748 secundnm
982 3690 1125 3757 deitatem,
1140 3691 1170 3747 in
1191 3694 1358 3751 novissimis

155 3797 254 3846 antem
268 3785 369 3845 diebus
382 3785 506 3844 eundem
527 3795 643 3863 propter
657 3805 720 3854 nos,
736 3798 765 3845 et
785 3795 901 3863 propter
920 3799 1046 3846 nostram
1068 3787 1189 3846 salutem
1205 3808 1241 3847 ex
1266 3791 1360 3848 Maria

156 3883 279 3961 Virgine
294 3882 351 3942 Dei
365 3882 512 3941 Genitrice
535 3881 693 3940 secundum
715 3883 930 3950 humanitatem,
952 3902 1042 3941 unum
1064 3883 1243 3959 eundemque
1258 3886 1361 3945 Chris·

158 3990 231 4045 tnm,
245 3978 364 4047 Filium,
379 3978 548 4045 Dominum,
565 3978 763 4055 Unigenitum,
779 3979 808 4037 in
823 3979 932 4037 duabus
946 3982 1055 4038 naturis
1077 3981 1236 4051 inconfuse,
1252 3984 1364 4042 incon·-

160 4073 342 4143 mutabiliter,
356 4073 489 4143 indivise,
504 4075 729 4151 inseparabiliter
750 4074 974 4152 agnoscendum,
996 4095 1139 4150 nusquam
1153 4078 1262 4136 sublata
1276 4077 1364 4136 dite.

362 4316 407 4387 (l)
425 4314 474 4381 Ep.
485 4319 528 4365 25.
538 4317 599 4367 alias
610 4318 649 4367 11.
660 4316 691 4366 ad
702 4316 830 4367 lulianum
843 4316 974 4367 Coensenr.

361 4394 418 4473 Μ
425 4398 491 4452 vtdo
502 4401 648 4452 Theodorei.
661 4402 688 4451 in
699 4402 796 4465 dialogo
808 4401 970 4472 Inoonfurus.

175 4494 180 4503 “
292 4486 368 4546 Von.
381 4474 507 4547 lh-20
