2744 5024
370 280 555 396 mir-stne
575 281 893 395 rusmmcaura.
1188 290 1248 350 225

41 443 162 505 sicut-et
175 446 304 507 lacobus
316 441 497 529 llpostolus‘
523 441 659 521 'utroque
678 446 805 506 loco‘illa
826 445 1042 505 commendatur
1054 446 1168 516 fiducia,
1184 463 1248 522 qne

37 541 100 601 'tide
114 544 225 612 nititur,
241 538 558 621 omnipotentia't'silicet
571 554 600 601 et
620 544 793 619 benignitate
815 542 891 610 Dei;
917 541 968 600 sed
982 543 1054 601 nihil
1069 539 1172 601 dicitur
1194 561 1252 616 quo

48 639 114 698 fidei
126 641 255 699 essentia
270 642 394 716 incerta·
404 641 589 717 persuasione
604 649 720 716 peccata
733 641 788 697 sibi
803 657 903 714 reapse
913 638 1026 707 dimitti,
1041 650 1172 715 ponatur.

82 740 156 794 236.
180 736 249 814 Obj.
265 740 294 794 4.
315 734 560 812 Paralyticodixit
575 735 727 793 Christus:
769 734 931 801 “Confide,
945 735 996 803 fili,
1011 738 1190 797 remittuntur
1204 741 1254 797 tibi

45 842 165 908 :peccata
178 842 227 890 tua
235 833 280 891 r'’²
302 832 542 892 Haemorrheissae
556 833 659 890 enam:
700 841 720 868 “
733 830 867 898 Confide,
882 831 951 897 filia,
965 831 1038 889 fides
1051 843 1136 892 tuate
1148 835 1254 893 salvam

46 928 165 989 unium

85 1030 158 1085 237.
181 1024 272 1103 Resp.
297 1024 442 1084 Credendi
456 1025 623 1083 vocabulum
639 1025 674 1082 iis
687 1024 760 1082 locis
782 1022 857 1081 haud
872 1023 1030 1093 adhibetur,
1052 1024 1102 1082 sed
1124 1026 1253 1085 fidendi:

51 1131 142 1190 trem·
180 1121 337 1197 Paralytici
359 1124 486 1179 animum
501 1120 592 1177 erexit
607 1118 752 1184 Christus,
768 1137 834 1176 enm
855 1117 890 1175 de
901 1118 1030 1176 remissis
1043 1121 1167 1195 peccatis
1177 1122 1256 1178 certi·

56 1234 127 1275 orem
153 1216 274 1285 faciens,
290 1218 359 1290 quin
380 1217 508 1292 exigeret
528 1226 634 1273 certam
656 1213 804 1280 fiduciam,
825 1214 912 1271 veluti
935 1216 1068 1289 previam
1081 1215 1116 1272 ad
1139 1216 1255 1274 veniam

57 1313 281 1390 dispositionem.
324 1314 540 1371 Haemorrhoisa
554 1314 590 1371 ob
603 1294 745 1388 egregiam
761 1311 846 1368 tidem
862 1311 897 1368 de
912 1321 1050 1387 potestate
1064 1310 1191 1376 Christi,
1207 1333 1258 1371 cu-

51 1407 166 1482 jus-vis,
181 1417 255 1465 tacta
267 1427 317 1466 ora
331 1408 418 1464 vestis
433 1409 506 1482 ejus,
524 1407 759 1489 manifestaretur,
780 1406 861 1462 fluxu
878 1407 1037 1482 sanguinis
1058 1408 1174 1466 liberata
1196 1419 1257 1476 este

50 1502 103 1561 sod
118 1503 154 1561 de
169 1505 339 1562 remissione
354 1514 536 1580 peccatorum
551 1502 593 1560 nil
606 1501 720 1559 dicitur.
1291 1484 1334 1577 ᾖ

90 1605 161 1659 248.
184 1599 255 1677 obj.
271 1605 300 1660 o.
322 1600 479 1677 Apostolus
500 1600 535 1657 de
558 1597 676 1657 Christo
697 1599 817 1670 loquens
839 1597 931 1655 dicit:
955 1599 1017 1658 “lu
1038 1618 1096 1677 quo
1117 1603 1257 1663 babemus

37 1713 41 1721 “
57 1693 190 1753 'fiduciam
204 1706 233 1753 et
252 1715 400 1753 accessum
417 1696 445 1752 in
459 1694 633 1753 confidentia
648 1694 794 1770 perfidem
811 1693 919 1769 ejus'.”⁸
960 1695 1137 1756 “Habentes
1153 1701 1258 1773 itaque,

54 1788 163 1859 aliattes,
175 1790 308 1849 fiduciam
319 1793 348 1848 in
362 1792 477 1848 introitu
492 1789 655 1848 sanctornm
667 1789 844 1864 insanguine
858 1787 1178 1875 Christi-jaccedamus
1190 1813 1256 1852 cum

48 1879 225 1946 ¹rer0'curde
239 1888 270 1944 in
283 1887 460 1964 plenitudine
476 1887 590 1945 fidei.’²⁴

60 2012 62 2017 ·
93 1989 164 2043 239.
186 1985 276 2063 Rasp.
298 1986 356 2044 Per
369 1985 455 2043 fidem
470 1986 595 2062 'habetur
608 1985 706 2057 utique
721 1983 916 2057 'fiduciaque
938 1987 1027 2062 major
1048 1999 1091 2046 est
1111 2003 1163 2065 pro
1186 1985 1256 2048 fidei

49 2081 228 2154 prestantis.
270 2080 341 2138 Non
354 2079 419 2139 idco
433 2079 506 2137 fides
519 2097 585 2137 cum
599 2079 705 2137 fiducia
718 2089 762 2136 est
776 2078 985 2147 confundenda,
1001 2065 1087 2155 qnam
1103 2085 1187 2160 plane
1202 2084 1259 2142 dis·

42 2178 159 2253 tinguit
171 2177 339 2252 Apostolus,
351 2177 471 2234 hortans
492 2185 524 2232 ut
543 2176 573 2233 in
588 2174 763 2251 plenitudine
776 2174 897 2232 fids-tr
906 2177 1053 2248 mpopope'o
1063 2178 1169 2240 πίστεῶς
1182 2199 1261 2240 acce.

48 2271 168 2331 damus.
371 2344 374 2349 Ι
514 2308 520 2315 -
985 2321 994 2334 ,
1199 2316 1203 2323 .

95 2371 166 2425 240.
192 2366 259 2445 obj.
276 2371 305 2432 6.
327 2368 477 2425 Promissa
490 2375 518 2424 et
531 2367 625 2425 oblate
636 2367 718 2425 nobis
734 2386 784 2444 per
797 2369 945 2426 Christum
959 2371 1051 2439 venie,
1068 2371 1145 2432 nihil
1164 2375 1261 2448 requi·

48 2465 128 2523 titur
138 2463 397 2540 proeterhumilem
413 2463 545 2521 beneficii
559 2464 647 2522 oblati
661 2466 867 2539 acceptionem,
884 2485 946 2538 quae
963 2468 995 2524 fit
1008 2468 1073 2526 fide.

89 2562 169 2617 w.
191 2558 281 2636 Resp.
300 2557 489 2617 Conditiones
513 2556 618 2615 divinis
644 2559 882 2633 promissionibus
903 2559 1098 2628 adnectuntur,
1119 2581 1183 2634 quae
1205 2566 1262 2621 nisi

56 2655 242 2731 impleantur,
255 2655 340 2713 venis
353 2673 412 2713 non
426 2665 470 2712 est
484 2652 634 2730 speranda.
677 2652 766 2727 Igitur
788 2653 933 2728 diligentia
946 2673 1059 2730 magna
1083 2657 1111 2713 iu
1135 2658 1170 2714 iis
1194 2677 1263 2716 exe·

51 2751 180 2824 quendis
194 2751 327 2827 ponenda
341 2760 394 2818 est,
410 2761 439 2809 et
457 2770 561 2826 magna
579 2747 711 2805 habenda
728 2757 771 2804 est
785 2747 888 2805 divinae
912 2749 1114 2808 misericordiae
1137 2751 1259 2811 fiducia

41 2845 104 2905 ‘De
117 2847 202 2906 nobis
215 2846 440 2914 formidandum,
453 2864 490 2904 ne
504 2845 562 2903 ulla
575 2863 613 2902 ex
632 2852 712 2920 parte
726 2843 906 2901 deficiamus.

360 3079 471 3136 Sacris
487 3076 527 3135 ll.
570 3076 617 3134 Da
630 3072 969 3136 Froucm'Eancmours.
1202 3076 1246 3147 ,r

94 3239 169 3293 242.
188 3235 238 3294 Ex
249 3235 286 3292 iia
301 3254 364 3308 quae
378 3234 599 3312 disceptavimus
621 3234 701 3292 secile
724 3235 866 3311 colligitur
878 3236 965 3296 iidem
989 3251 1045 3311 qna
1066 3237 1100 3297 u‘d
1118 3240 1259 3316 justifica·

60 3333 168 3390 tionem
197 3331 376 3409 disponimur
400 3351 458 3390 non
484 3351 547 3389 esse
569 3342 679 3412 vcertam
700 3335 926 3408 persuasionem,
939 3337 1028 3395 multo
1051 3339 1146 3396 minus
1163 3343 1262 3418 cogni·

60 3427 180 3496 tionem,
197 3446 229 3485 se
240 3446 305 3486 esse
319 3448 337 3485 a
351 3427 415 3486 Deo
431 3428 552 3486 electum
568 3437 598 3484 et
610 3426 841 3502 praedestinatum
857 3431 885 3485 in
901 3432 986 3489 vitam
1000 3431 1146 3493 beatam:
1185 3440 1264 3494 Atta-

61 3542 138 3593 men,
156 3523 279 3584 (lalvino
303 3527 328 3582 si
343 3524 502 3593 audiamus,
518 3533 538 3560 ⁶⁴
550 3540 615 3580 vere
634 3521 729 3578 fidelis
751 3541 808 3578 non
829 3532 874 3579 est
888 3525 943 3582 nisi
964 3528 1014 3597 qui
1035 3529 1127 3586 solida
1146 3543 1264 3605 persua·

63 3621 144 3678 sione
166 3623 262 3679 Deum
277 3621 332 3679 sibi
352 3621 506 3697 propitium
520 3619 748 3690 benevolumque
769 3628 877 3694 patrem
890 3637 954 3676 esse
970 3639 1134 3696 persuasus,
1151 3623 1186 3680 de
1201 3627 1264 3700 ejus

64 3715 237 3792 benignitate
264 3717 362 3776 omnia
382 3717 437 3774 eibi
463 3716 631 3792 pollicetur:
653 3714 710 3771 nisi
731 3714 780 3787 qui
795 3713 897 3772 divinae
919 3734 986 3793 erge
1006 3735 1038 3774 se
1058 3719 1264 3778 benevolentiae

66 3811 303 3887 promissionibus
317 3815 417 3878 fretus,
433 3812 617 3871 indubitatam
629 3811 727 3868 salutis
737 3812 963 3888 expectationem
979 3818 1125 3890 presumit
1127 3859 1265 3876 .....

67 3905 184 3976 Fidelis,
199 3910 328 3983 inquam,
350 3928 408 3968 non
433 3916 477 3965 est
498 3907 554 3964 nisi
578 3906 628 3980 qui
648 3906 747 3963 salutis
775 3908 925 3964 securitate
954 3909 1082 3979 innixus,
1103 3911 1218 3971 diabolo
1239 3924 1268 3970 et
1315 3927 1332 3936 “

68 4007 149 4064 morti
163 4006 340 4071 confidenter
356 4003 519 4063 insultet.'’⁵
1327 4003 1330 4012 '

317 4202 321 4207 “
369 4193 412 4263 (l)
432 4196 502 4246 Matr,
514 4196 548 4244 ix.
560 4195 584 4245 2.

367 4281 411 4347 (2)
432 4281 468 4329 lb.
480 4297 503 4328 v.
515 4281 555 4328 22.

370 4369 412 4433 (3)
432 4366 497 4430 Eph.
510 4366 544 4414 iii.
556 4369 596 4416 12.
694 4383 697 4388 ’

373 4454 416 4518 (a)
436 4453 537 4502 nens
551 4454 592 4501 re.
622 4460 629 4479 ·

372 4536 412 4600 (ὃ)
429 4536 489 4585 lust.
502 4535 518 4584 l.
531 4535 565 4584 iii.
576 4551 598 4585 c.
609 4535 667 4585 ii4u.
682 4538 721 4585 18.

195 4618 272 4678 Vua.
284 4617 405 4679 11.-ss
