2730 5018
369 254 427 335 ub
447 254 599 333 umens
620 257 667 333 ni
688 272 773 334 nno
795 256 1010 337 Pannonis.
1240 272 1294 346 lt:

127 418 179 482 08.
200 424 347 487 Jnsrnrus
360 428 390 486 in
404 429 546 505 Apologia
560 416 601 487 1'0.
616 430 722 489 cultum
737 431 932 490 Christianum
947 433 990 489 sic
1004 432 1155 491 describit:
1176 443 1219 494 tn:
1230 457 1290 494 noea

92 538 119 575 rr
135 524 172 583 ἃς
180 533 376 594 κριιοφεριηιῲοιἱ
385 531 512 598 lorcyum
522 544 566 581 eor
578 544 682 597 ποιητην
692 545 741 582 των
752 545 849 582 παντων
861 533 902 582 δια
912 546 942 583 re
954 533 993 583 tn
1009 529 1069 584 dere
1085 537 1142 599 Inna
1153 537 1239 598 Χριςυ,
1250 552 1292 584 κω

93 609 278 676 ⁸¹⁰me
287 626 319 665 re
328 610 403 682 byn-¹
418 613 473 670 “ln
484 613 617 670 omnibus
629 614 817 672 oblationibus
826 615 972 672 laudamus
984 626 1138 673 creatorem
1151 617 1292 682 omnium,

97 717 144 775 per
154 700 262 760 Filium
276 704 340 780 ejus
353 704 455 764 Jeaum
471 705 632 774 chriarum,
647 719 676 763 et
689 726 740 783 per
755 709 897 784 Spiritum
917 708 1091 766 Sanctum.’'
1132 708 1205 766 Hac
1224 727 1294 766 eane

97 792 218 851 indicant
230 795 339 855 Filium
352 811 381 856 et
394 799 533 876 Spiritum
555 801 691 859 Sanctum
707 804 736 859 iu
757 803 834 860 cultu
855 820 921 860 cum
943 803 1026 861 Patre
1047 803 1216 861 consociari.
1258 802 1307 861 ld

94 889 267 965 janciarius
282 893 431 953 indiderat
444 897 608 955 testimonio
625 898 687 972 jam
701 899 805 956 citato:
829 899 939 956 “Eum
954 911 984 956 et
1004 898 1111 957 Filium
1132 900 1195 975 ejus
1219 941 1226 956 .
1251 940 1258 958 .
1282 932 1289 956 t

95 993 119 1039 et
131 982 273 1059 Spiritum
286 988 485 1065 propheticum
499 992 620 1049 colimus
633 1002 662 1048 et
675 992 825 1049 adoramus
835 992 866 1049 :”
887 996 977 1045 ὶκεινον
994 1009 1023 1046 es
1044 1006 1088 1047 m
1098 1008 1142 1047 w
1160 1001 1210 1061 nul
1229 993 1292 1049 nera

93 1080 141 1132 im
158 1114 167 1130 ·
186 1114 196 1130 ο
215 1115 224 1131 ·
240 1098 338 1152 mappa
346 1100 376 1139 rr
387 1101 419 1140 ro
429 1088 581 1156 ngopnriaeou
592 1092 722 1154 σεβομεδα.
732 1108 776 1140 και
786 1104 957 1156 nposaeuneprv·

127 1167 177 1221 99.
199 1166 437 1238 Auernacoaas,
452 1172 584 1247 exposita
598 1171 762 1230 Christiana
782 1172 839 1228 fide
854 1172 889 1229 de
911 1174 1006 1238 Patre,
1028 1175 1115 1243 Filio,
1131 1185 1160 1232 et
1180 1176 1290 1251 Spiritu

79 1260 209 1329 Sancto,
224 1264 368 1334 atheismi,
383 1266 460 1339 quod
474 1267 646 1344 objiciebant
659 1266 789 1335 Ethnioi,
801 1270 911 1326 crimen
925 1269 968 1326 sic
982 1270 1114 1346 repellit:
1135 1286 1175 1333 n,
1185 1277 1211 1327 ev
1223 1276 1252 1328 ix
1263 1273 1293 1326 in

88 1355 221 1426 imvm:
231 1374 348 1429 Μγοντας
358 1369 411 1416 θεον
421 1378 518 1424 meno
528 1386 571 1418 xor
584 1367 637 1417 deor
647 1370 700 1417 θεον
711 1385 754 1417 m
765 1380 859 1432 unauna
868 1348 945 1435 dyiov,
955 1367 1093 1426 δεικνυντας
1103 1365 1182 1418 ὀντων
1194 1384 1236 1416 xor
1248 1379 1293 1429 την

85 1442 252 1512 inspirarent
262 1448 370 1516 &nuptm
380 1452 513 1519 menri:
530 1466 566 1520 ep
583 1448 651 1510 rain
669 1452 793 1518 διαιρεσιν,
804 1449 891 1511 deam
908 1457 979 1512 obem
998 1455 1156 1519 anteprae53³
1177 1458 1197 1486 “
1218 1447 1292 1514 Quis

86 1536 176 1613 igitur
191 1557 250 1597 uon
264 1542 390 1609 miretur,
405 1562 471 1601 oum
486 1545 585 1610 athene
601 1544 695 1601 vocari
707 1543 802 1601 audiat
815 1562 877 1611 eor,
888 1544 938 1616 qui
951 1544 1048 1602 Deum
1062 1545 1187 1610 Patrem,
1202 1551 1231 1600 et
1244 1542 1291 1599 Fi·

85 1630 160 1690 lium
174 1631 274 1692 Deum
289 1646 319 1693 et
344 1636 484 1713 Spiritum
499 1638 635 1697 Sanctum
656 1650 796 1707 asserunt,
811 1658 845 1696 ac
859 1658 959 1697 eorum
973 1648 1002 1695 et
1023 1638 1053 1696 in
1067 1638 1174 1696 unione
1189 1647 1290 1714 poten=

86 1728 169 1798 daut,
184 1740 213 1789 et
233 1731 378 1791 inordina
397 1733 611 1794 distinctionem
625 1734 822 1793 demonstrant
833 1735 866 1790 l’'

128 1831 199 1887 100.
220 1829 255 1885 S.
269 1827 416 1901 hunnus
424 1830 589 1906 angelorum
601 1831 760 1889 ministerio
775 1832 890 1889 Patrem
903 1831 1030 1908 indigere
1051 1840 1145 1906 negat:
1162 1839 1182 1866 ‘⁶
1192 1828 1291 1886 minis·

88 1933 142 1982 trat
155 1924 237 1982 euim
250 1924 279 1983 ei
294 1924 329 1983 ad
342 1925 445 1984 omnia·
454 1944 516 2003 sua·
527 1927 679 2002 progenies
693 1938 722 1984 et
736 1928 867 2003 figuratio
882 1945 943 1994 sua,
956 1927 984 1984 id
997 1937 1042 1984 est
1055 1926 1146 1984 Filius
1159 1936 1187 1983 et
1201 1925 1291 2000 Spiri-

88 2030 136 2078 tus
151 2020 291 2088 Sanctius,
307 2020 432 2079 Verbum
446 2031 476 2078 et
496 2021 652 2097 Sapientia,
668 2022 772 2093 quibus
787 2023 916 2079 serviunt
931 2031 960 2078 et
973 2021 1094 2097 subjecti
1109 2030 1176 2077 sunt
1188 2036 1290 2077 omues

35 2156 37 2165 ·
88 2113 245 2191 Angeli.”⁴
283 2114 422 2181 Quamvis
445 2115 600 2174 ministerii
625 2134 682 2173 vox
704 2115 802 2173 durius
824 2126 917 2183 sonet,
939 2116 1032 2188 liquet
1051 2113 1128 2191 apud
1148 2115 1289 2172 irenaeum

88 2210 161 2271 nihil
169 2209 275 2268 servile
285 2209 414 2278 indicari,
425 2209 476 2268 sed
487 2228 674 2287 personarum
687 2211 853 2270 relationem
864 2231 872 2268 :
888 2211 993 2270 Filium
1005 2220 1099 2269 autem
1110 2221 1139 2267 et
1149 2209 1289 2285 Spiritum

35 2350 37 2369 2
88 2306 228 2365 Sanctum
240 2304 364 2363 eundem
386 2325 420 2363 ac
441 2306 527 2364 Pater
548 2305 643 2365 Deum
658 2325 733 2374 esse,
746 2325 784 2364 ex
804 2324 840 2364 eo
861 2306 939 2379 quod
958 2306 1062 2382 Angeli
1076 2305 1133 2363 illis
1153 2304 1288 2371 serviant,

35 2390 37 2413 '
87 2410 173 2479 patet.
218 2400 381 2459 Oreationir
401 2410 431 2457 et
452 2399 551 2458 mundi
570 2401 783 2477 gubernationis
804 2401 956 2476 participes
970 2400 1155 2459 exhibentur:
1180 2398 1288 2456 Omnia

87 2493 163 2553 baud
175 2513 232 2572 per
243 2493 370 2572 Angelos
385 2494 458 2554 lacta
470 2493 557 2563 dicit:
579 2503 599 2531 “
612 2494 664 2552 sed
681 2512 733 2572 per
748 2494 876 2552 Verbum
891 2504 919 2551 et
933 2493 1072 2570 Spiritum
1093 2512 1177 2551 suum
1191 2492 1289 2551 omnia
1305 2568 1308 2574 .

87 2589 197 2648 faciem
209 2599 240 2647 et
252 2589 420 2667 disponens,
435 2600 465 2649 et
477 2591 649 2666 gubernans,
664 2600 693 2646 et
706 2589 839 2647 omuibus
860 2607 925 2646 esee
940 2587 1125 2662 preestaue.”³
1165 2595 1184 2622 “
1196 2585 1288 2643 Adest

86 2685 164 2745 euim
178 2686 209 2743 ei
223 2704 338 2762 semper
350 2686 479 2745 Verbum
492 2696 522 2744 et
541 2684 698 2761 Sapientia,
720 2685 812 2743 Filius
833 2694 861 2741 et
881 2685 1016 2759 Spiritus,
1034 2701 1085 2758 per
1106 2700 1179 2754 quos
1204 2691 1233 2738 et
1252 2681 1289 2739 in

83 2779 192 2852 quibus
207 2780 306 2837 omnia
324 2780 412 2838 libere
426 2790 456 2837 et
468 2791 571 2856 sponte
585 2777 663 2846 lecit,
678 2777 713 2836 ad
728 2797 800 2850 quos
821 2790 850 2834 et
869 2777 1004 2849 loquitur,
1020 2777 1140 2834 dicens:
1163 2775 1291 2833 ‘Facie--

81 2892 152 2932 mus
165 2874 318 2933 hominem
331 2874 365 2932 ed
379 2875 535 2952 imaginem
549 2886 577 2932 et
590 2874 807 2931 similitudinem
821 2873 970 2930 nostram.fl

127 2973 201 3029 101.
224 2971 473 3039 'Prarnmunnn
488 2971 524 3029 ad
550 2972 740 3030 Montauistas
754 2970 898 3045 delapsus,
912 2968 999 3027 fidem
1020 2967 1055 3025 de
1070 2968 1209 3025 Trinitate
1222 2968 1287 3026 reti·

78 3066 161 3135 uuit,
176 3078 210 3124 et
221 3076 319 3126 contra
338 3068 458 3126 Praxeae
479 3083 587 3125 nectam
608 3085 745 3143 personas
766 3065 998 3133 confundentem,
1020 3063 1192 3122 vindicavit:
1216 3064 1286 3122 “Se

75 3163 238 3222 existimat
258 3181 365 3223 meram
380 3163 525 3221 veritatem
547 3161 705 3237 possidere,
720 3161 787 3219 dum
802 3161 920 3219 unicum
940 3159 1036 3217 Deum
1051 3178 1109 3217 nou
1124 3158 1193 3217 aliae
1209 3168 1288 3235 putat

76 3256 276 3326 credendum,
291 3258 416 3331 quamsi
430 3258 528 3334 ipsum
548 3257 730 3330 eundemque
750 3267 778 3314 et
792 3258 917 3323 Patrem,
932 3265 961 3313 et
974 3255 1090 3322 Filium,
1105 3265 1134 3312 et
1147 3256 1285 3332 Spiritum

76 3354 228 3413 Sanctum
243 3354 335 3413 dicat:
358 3355 440 3428 qnasi
454 3372 511 3412 non
525 3354 568 3411 sio
583 3372 698 3426 quoque
712 3372 786 3412 unua
801 3355 838 3412 eit
851 3355 959 3420 omnia,
973 3353 1043 3411 dum
1057 3371 1094 3411 ex
1108 3371 1165 3410 uuo
1177 3353 1283 3420 omnia,

78 3470 140 3529 per
162 3451 330 3509 annuntie
353 3450 464 3508 scilicet
486 3450 642 3519 unitatem:
661 3461 689 3508 et
711 3450 898 3509 nihilomiuus
924 3449 1098 3508 custodiatur
1117 3449 1285 3507 oeconomie

80 3555 389 3617 sacramentumque
410 3545 545 3603 unitatem
561 3545 590 3602 in
611 3538 763 3603 trinitatem
783 3544 918 3621 disponit,
934 3555 990 3601 tres
1011 3543 1136 3618 dirigens
1158 3544 1286 3610 Patrem,

81 3650 117 3703 et
128 3640 252 3707 Filium,
266 3652 296 3697 et
320 3639 459 3716 Spiritum
481 3640 636 3697 Sanctum:
659 3648 716 3696 tree
737 3648 830 3696 autem
851 3656 909 3697 non
929 3646 1014 3704 statu,
1029 3635 1080 3693 sed
1105 3634 1213 3712 gradu:
1230 3653 1291 3692 neo-

58 3800 71 3819 *
83 3736 258 3803 substantia,
272 3733 324 3792 eed
338 3733 446 3802 forme:
468 3752 521 3793 nec
536 3740 684 3810 potestate,
699 3734 750 3792 sed
771 3734 886 3809 specie:
902 3732 987 3790 unius
1002 3743 1096 3789 autem
1110 3730 1292 3796 substantie,

86 3832 219 3891 etunius
233 3839 334 3898 status,
348 3830 475 3889 etunius
489 3830 655 3906 poteentia:
671 3831 739 3902 quia
751 3848 825 3887 unua
846 3829 938 3896 Deus,
953 3846 990 3887 ex
1004 3847 1062 3901 quo
1083 3837 1112 3886 et
1124 3827 1227 3905 gradus
1242 3826 1294 3887 isti

333 4063 371 4119 (1)
388 4059 462 4123 Apol.
473 4058 489 4107 i.
500 4073 526 4108 u.
536 4060 578 4107 et.
588 4074 613 4122 p
626 4061 686 4106 222.
697 4058 727 4108 ed
740 4057 819 4108 Wire.

329 4147 367 4202 (2)
385 4143 420 4193 11).
432 4158 458 4192 u.
470 4145 494 4191 d.
504 4157 529 4206 p.
543 4145 599 4201 len,

329 4232 366 4288 (a)
384 4227 444 4290 Lep.
455 4243 506 4291 pro.
517 4226 608 4283 Christ·
619 4243 644 4277 n·
658 4229 698 4277 10.
708 4243 732 4293 p.
747 4229 801 4277 126.
812 4225 849 4276 ed.
862 4224 938 4278 wire

339 4313 381 4378 (4)
400 4310 431 4360 L.
446 4310 479 4361 iv.
491 4327 513 4361 e.
525 4311 565 4361 17.

329 4401 371 4467 (b)
391 4399 421 4450 L.
431 4397 447 4448 i.
459 4413 480 4447 c.
495 4397 534 4448 19.

331 4486 369 4551 (d)
386 4483 416 4541 L·
427 4484 459 4540 ir.
470 4499 492 4541 e,
503 4485 544 4541 31.
