2744 5024
405 170 408 175 ,
446 115 504 176 ΒΕ
525 59 730 176 PitlntAEvA
750 115 860 176 FIDE.
1202 124 1259 184 149

80 293 130 335 run
141 281 231 333 tenent
242 272 350 342 locum,
365 291 450 337 suum
464 271 511 330 det
524 272 633 341 lumen,
646 281 678 330 ut
689 272 776 332 fidem
790 272 926 333 divinitus
939 275 1092 334 revelatam
1103 262 1235 337 ιιιῗιιιιιιι
1247 296 1260 350 5

81 390 128 447 qno
140 373 201 448 jure
214 370 298 429 limes
312 369 428 444 quidam
442 369 546 428 divina
568 369 765 446 pollicitationi
780 371 905 446 ponitur,
921 381 952 429 ut
965 375 1147 432 novatoribus
1162 395 1180 433 a
1192 375 1258 434 'rri-

81 466 179 527 dentiuo
192 466 316 524 concilio
330 466 507 524 anathemato
522 465 676 542 percussis,
690 465 873 524 consolaturi
896 466 1039 527 Caeterum
1055 469 1183 528 audiatur
1196 471 1260 546 ipse

78 563 268 622 eruditissimus
283 563 351 621 fidei
366 562 493 621 Nicenae
508 561 631 619 vindex:
655 571 674 598 ‘⁸
685 562 719 620 ln
740 563 793 620 hac
811 563 924 639 synodo
935 566 1068 640 agebatur
1090 566 1125 625 de
1146 572 1261 626 cumino

58 640 157 735 ’capite
170 658 316 736 religionis
337 659 509 726 christianae,
531 676 645 734 nempe,
669 657 848 735 depereunte
873 659 943 718 Jesu
969 660 1078 719 Christi
1102 663 1261 721 Servatoris

79 756 154 813 ausui
174 755 328 832 dignitate;
350 756 423 814 sitne
437 755 484 813 ille
498 766 530 813 ut
543 773 626 812 verus
643 754 722 812 Dens
744 754 891 822 colendus,
912 775 947 813 au
968 757 997 814 in
1013 768 1211 825 creaturamm‚
1232 769 1262 817 et

78 868 156 908 rerum
170 869 237 908 vero
263 850 329 908 Deo
343 851 533 928 subjectarum
547 849 677 908 ordinem
695 864 724 907 et
743 868 861 907 censum
877 850 1057 927 redigendus.
1098 852 1132 908 Si
1157 854 1188 909 iu
1208 851 1262 910 hac

65 944 181 1002 'maximi
195 945 334 1003 momenti
349 946 507 1017 quaestione
522 954 582 1002 toto
595 945 668 1002 coelu
683 962 792 1001 errasse
807 944 956 1001 universos
974 945 1113 1002 Ecclesia
1128 954 1263 1012 rectores,
1347 1003 1351 1010 ,

79 1056 246 1112 moremque
264 1058 347 1097 suum
374 1040 450 1116 plebi
464 1040 623 1097 christiane
646 1039 824 1115 persuasisse
839 1039 999 1115 fingamus;
1022 1059 1080 1112 quo
1101 1050 1183 1116 pacto
1197 1059 1264 1121 oon·

78 1134 150 1191 stabit
161 1133 232 1191 fides
248 1134 358 1192 Christi
375 1134 495 1192 Domini
507 1134 597 1192 nostri
608 1135 781 1210 recipientis,
794 1152 826 1190 ae
841 1133 875 1190 ad
887 1137 1161 1193 consummationem
1173 1136 1264 1194 seculi

82 1228 227 1305 Apostolis,
242 1228 370 1301 adeoque
385 1247 484 1286 comm
499 1229 712 1286 successoribus
735 1227 812 1305 (nam
827 1247 893 1285 cum
913 1230 1066 1304 promissio
1082 1230 1117 1287 ad
1131 1248 1265 1288 consum·

82 1324 221 1381 arationem
235 1325 327 1381 seculi
351 1343 383 1381 se
404 1323 547 1388 extendat,
572 1324 705 1398 Apostoli
719 1337 812 1381 autem
834 1323 941 1381 tamdiu
957 1325 1056 1384 victuri
1078 1345 1136 1383 non
1157 1316 1264 1394 essent,

81 1419 181 1477 omniuo
197 1419 332 1477 Christus
346 1420 375 1477 iu
386 1419 590 1496 Apostolorum
603 1437 724 1494 persona
738 1418 899 1476 eerrsendus
921 1430 965 1477 est
986 1421 1070 1478 etiam
1083 1439 1265 1480 successores

81 1514 131 1592 ejus
142 1515 267 1572 muneris
282 1512 484 1593 compellasse)
500 1513 659 1571 adfuturum
671 1514 714 1570 l''¹

43 1594 46 1605 ¹
111 1613 173 1667 237.
196 1608 281 1675 Quod
295 1617 389 1667 autem
403 1607 578 1666 contendunt
593 1594 727 1675 Unitarii,
743 1607 827 1665 fidem
844 1608 878 1664 de
894 1607 1012 1666 Christo
1031 1608 1095 1666 Deo
1109 1611 1267 1668 obtinuisse

88 1704 180 1778 sensim
195 1703 258 1761 sine
272 1722 370 1771 sensu,
386 1720 423 1760 ex
438 1689 575 1760 altissima
589 1704 722 1759 virtutum
739 1703 842 1773 quibus
856 1701 963 1759 effulsit
977 1702 1185 1770 admiratione,⁹
1209 1721 1268 1760 cer·
1287 1684 1294 1697 ¹

87 1797 187 1856 tissimis
199 1798 379 1857 documentis
393 1799 529 1857 refellitur
540 1798 548 1855 ἰ
569 1799 661 1870 liquet
674 1798 784 1854 scilicet
797 1798 831 1853 ab
847 1797 927 1854 initio
940 1815 1005 1854 enm
1015 1797 1109 1855 Deum
1122 1798 1210 1855 suisse
1222 1818 1269 1874 ag·

87 1892 170 1950 bitum.
211 1894 332 1951 Summa
346 1912 412 1951 cum
426 1894 530 1970 injuria
545 1892 655 1949 Christi
670 1892 822 1948 instituunt
835 1893 1076 1966 comparationem
1091 1892 1163 1949 inter
1176 1893 1269 1950 cultus

90 1988 136 2064 ejus
149 2008 341 2067 progressum,
356 1990 534 2048 strationem
549 2008 605 2061 qua
616 1988 692 2046 idola
704 2008 755 2065 per
766 1989 862 2046 orbem
875 1988 943 2047 olim
957 1990 1012 2046 coli
1024 2000 1187 2065 coeperunt:
1204 2009 1270 2048 cou-

90 2092 131 2140 strt
141 2087 215 2143 enirn
229 2104 296 2143 eum
310 2083 367 2144 coli
380 2087 417 2143 ob
433 2085 560 2142 divinam
575 2096 703 2142 naturam
718 2104 802 2156 quam
819 2085 873 2141 sibi
888 2084 1048 2144 vindicabat
1069 2087 1269 2145 miraculorum
1316 2069 1326 2085 κ

92 2176 194 2249 indiciis,
209 2193 238 2239 et
254 2200 340 2254 quam
354 2172 488 2257 Apostoli
502 2181 529 2238 ei
544 2181 697 2239 tribuentes
713 2182 772 2257 pari
787 2181 934 2239 firmabant
955 2195 1130 2258 argumento.
1173 2183 1205 2240 ld
1223 2203 1271 2241 au·

93 2284 134 2334 ten
146 2278 222 2336 lateri
237 2287 378 2355 coguntur
391 2272 525 2346 Unitarii,
544 2298 560 2335 a
574 2288 682 2335 remota
695 2279 859 2350 antiquitate
872 2278 958 2336 fidem
970 2280 1047 2337 illam
1060 2281 1228 2347 obtinuisse,
1243 2290 1272 2338 et

97 2387 135 2444 per
145 2373 237 2431 orbem
252 2383 436 2449 propagatam
450 2375 461 2406 ⁸

79 2514 83 2519 Δ
122 2470 180 2524 238.
200 2469 337 2525 Atrocem
351 2467 521 2525 calumniam
536 2467 661 2543 patribus
677 2467 805 2523 Nicaenis
822 2467 914 2524 intulit
925 2467 1051 2525 Joannes
1068 2467 1208 2536 Clericus,
1222 2487 1272 2526 eos

43 2552 47 2621 s'
100 2557 183 2620 ilium
198 2563 276 2620 Patri
291 2561 750 2636 consubstantialempraedicasse,
763 2578 797 2616 eo
809 2577 895 2616 sensu
911 2577 968 2631 quo
983 2559 1039 2616 duo
1054 2559 1184 2617 homines
1199 2562 1274 2635 ejus·

52 2684 63 2729 ;
100 2652 148 2713 dem
167 2667 231 2715 sunt
243 2648 419 2725 substantias,
435 2657 541 2733 specie,
557 2657 675 2722 scilicet,
698 2673 754 2711 non
769 2673 907 2721 numero;
930 2653 1001 2711 adeo
1020 2665 1051 2710 ut
1066 2667 1120 2711 tres
1135 2656 1174 2713 dii
1190 2656 1273 2712 abiis
1343 2732 1345 2737 ¹

101 2764 298 2826 agnoscerentur
313 2772 321 2811 ι
343 2754 394 2812 sed
409 2773 496 2826 quum
510 2754 603 2810 unitas
615 2751 718 2808 divinae
733 2750 895 2807 substantias
910 2749 994 2806 suerit
1004 2769 1118 2825 semper
1132 2752 1161 2808 in
1174 2751 1275 2809 Eccle-

101 2844 285 2924 siaexplorata,
307 2859 336 2907 et
349 2850 529 2917 inconcussa,
541 2848 630 2919 liquet
644 2865 694 2904 eos
709 2846 804 2903 Deum
819 2846 853 2902 de
869 2845 932 2904 Deo
949 2846 1097 2905 Christum
1112 2847 1274 2924 agnovisse,

43 2934 46 2953 '
102 2938 129 2996 ob
139 2946 315 3004 substantiam
330 2947 442 3018 utrique
456 2963 648 3003 communem.
672 2943 837 3000 Formulam
853 2944 881 3001 N
884 2944 1002 3001 icaeuam
1018 2944 1107 3013 fusius
1123 2944 1276 3002 vindicavit

103 3031 225 3108 bleranus,
248 3053 277 3098 et
291 3041 408 3100 Patrum
423 3051 548 3098 mentem
563 3039 681 3096 feliciter
695 3039 842 3114 explicuit,
857 3041 910 3098 sub
928 3040 1015 3097 finem
1027 3042 1133 3118 egregii
1149 3043 1245 3121 operis
1254 3047 1277 3099 :⁴

107 3129 144 3188 sul
154 3137 229 3194 uobis
244 3136 279 3193 ad
294 3136 349 3194 alia
362 3134 559 3194 festinantibus
574 3135 642 3191 satis
657 3146 699 3192 est
719 3134 805 3193 fidem
821 3155 906 3208 quam
921 3136 1103 3206 tradiderunt,
1126 3157 1163 3196 ex
1181 3139 1276 3215 Scrip-

104 3228 155 3286 turis
172 3244 198 3291 et
222 3234 360 3310 primaeva
379 3233 527 3292 traditione
549 3233 753 3309 propugnasse.
805 3233 903 3292 Liceat
924 3236 1056 3311 Apostoli
1078 3238 1171 3294 verbis
1200 3237 1276 3294 hunc

106 3320 211 3386 claudere
226 3338 391 3388 tractatum:
415 3330 557 3402 “Siquis
572 3348 628 3386 nun
643 3339 718 3385 amat
732 3329 891 3415 Dominum
904 3341 1031 3388 nostrum
1053 3332 1155 3390 Jesum
1178 3333 1277 3391 Chris·

104 3424 158 3490 itm,
171 3425 205 3482 sit
218 3425 378 3485 anathema.
421 3427 521 3485 Maran
537 3423 659 3483 Atha.'’⁵

128 3524 137 3539 ι
635 3522 644 3545 b

129 3656 159 3714 (l)
172 3656 329 3710 Defensionis
340 3660 397 3710 fidei
407 3659 434 3710 N
435 3660 515 3708 irena
527 3659 683 3708 Prooemium.

130 3738 159 3800 (²)
172 3741 243 3792 lesus
254 3742 304 3792 and
316 3743 355 3792 his
366 3743 536 3807 Biugraphers,
545 3743 576 3806 by
591 3743 630 3790 W.
643 3739 676 3790 H,
688 3740 804 3790 Fumess.

129 3823 158 3884 ti)
173 3827 229 3877 “At
239 3843 272 3877 an
284 3828 349 3891 early
361 3827 452 3892 period,
469 3826 511 3877 tha
521 3826 576 3875 idea
587 3842 680 3890 sprung
691 3841 732 3888 up,
750 3825 798 3874 and
809 3824 882 3875 ithus
899 3825 987 3874 almost
1003 3824 1150 3888 universully
1161 3825 1281 3888 pravailcd

105 3911 147 3952 ⁸¹01
153 3907 220 3970 since,
231 3910 285 3959 that
296 3911 337 3960 the
348 3926 407 3980 man
418 3911 447 3960 oi
459 3910 582 3960 Nazareth
592 3926 643 3959 was
654 3926 669 3958 a
680 3909 856 3974 super-human
866 3907 1155 3974 being-superungelic,
1171 3891 1229 3972 noy,
1240 3908 1282 3959 the

105 3979 619 4060 flammeamgummsuavnymus
649 3989 841 4060 ‘irrumpas

105 4068 166 4141 ιιι)
183 4078 219 4129 os
230 4078 627 4132 arv.n.1v.1.c.trv.0.1xrx.

136 4157 170 4226 (5)
187 4162 199 4214 l
211 4163 269 4215 Gor.
278 4164 329 4215 xvi.
341 4167 382 4214 22.

657 4226 729 4307 ιιι
