2744 5024
464 869 867 977 ΙΑΡΡΕΝΒΙΧ.

118 1314 265 1373 Tractatui
276 1315 311 1373 de
327 1315 426 1373 Gratia
439 1315 631 1393 subjiciendas
642 1317 776 1376 duximus
789 1319 1000 1394 propositiones
1015 1317 1050 1377 de
1063 1319 1115 1378 hac
1129 1337 1160 1377 re
1171 1320 1276 1394 quibus

79 1419 248 1468 ntrasnotas
261 1411 366 1468 inussit
378 1412 544 1488 Apostolira
558 1411 661 1470 Sedes.
687 1411 810 1489 Bajanas
825 1412 1036 1488 propositiones
1050 1411 1119 1470 dum
1133 1413 1279 1472 damnaret

79 1502 153 1562 Pius
168 1504 207 1561 V.
223 1504 420 1563 animadvertit
439 1505 577 1578 quasdam
598 1524 695 1564 earnm
717 1505 813 1581 aliquo
834 1517 916 1583 pacto
936 1505 1070 1564 sustiueri
1092 1525 1189 1584 posse,
1204 1526 1276 1581 quas

78 1609 174 1658 tamen
189 1601 358 1678 proscripsit
367 1602 432 1679 jure
446 1603 567 1680 optimo,
579 1604 646 1677 quia
655 1603 740 1679 juxta
754 1600 903 1663 verborum
913 1603 982 1671 vim,
994 1615 1023 1660 et
1033 1614 1117 1680 prout
1131 1613 1276 1664 auctorum

80 1714 163 1754 mens
185 1715 222 1754 ex
237 1697 447 1755 totosermonis
462 1709 596 1756 contextu
617 1699 811 1776 colligebatur,
840 1716 959 1774 pravum
986 1696 1113 1756 serebant
1138 1717 1275 1756 sensum:

79 1792 189 1858 “Quas
205 1792 319 1864 quidem
344 1792 532 1862 seutentias‚'’
555 1795 648 1867 inquit
672 1794 818 1861 Pontifex,
835 1793 964 1850 “stricto
982 1811 1078 1850 corant
1104 1793 1187 1851 nobis
1211 1812 1278 1851 exa·

78 1886 156 1944 mine
182 1885 364 1962 ponderatas,
380 1906 553 1961 quamquam
564 1888 707 1946 nonnulle
731 1889 827 1961 aliquo
842 1899 924 1964 pacto
949 1887 1089 1945 sustineri
1102 1899 1231 1965 possent,
1247 1889 1277 1946 in

79 1981 184 2058 rigore,
200 1994 229 2039 et
242 1985 358 2060 proprio
373 1985 522 2042 verborum
537 2002 635 2052 sensu,
650 1985 685 2041 ab
696 1984 882 2042 assertoribus
896 1983 1015 2051 intento,
1031 1983 1188 2052 hereticas,
1203 2003 1278 2044 erro·

80 2095 161 2145 neas,
177 2077 234 2135 dcc.
249 2079 432 2154 presentium
445 2079 608 2138 auctoritate
622 2079 822 2138 damnamus.'’

119 2173 194 2232 Illud
216 2173 280 2250 Baji
302 2175 484 2251 principium,
501 2174 653 2234 humanam
676 2187 804 2234 naturam
826 2177 859 2233 ab
882 2175 962 2232 initio
983 2175 1022 2234 ita
1040 2175 1234 2246 constitutam,
1249 2189 1280 2236 ut

77 2269 142 2345 jure
158 2268 290 2342 quodam
309 2270 415 2335 nativo,
430 2280 459 2327 et
471 2287 589 2351 snorum
603 2288 722 2347 operum
744 2270 854 2338 merito,
868 2270 966 2354 bomo,
982 2271 1061 2328 nullo
1074 2273 1281 2348 supernaturali

80 2375 195 2423 ornatus
210 2364 295 2436 dono,
310 2366 354 2423 vel
374 2366 480 2426 auxilio
504 2367 661 2435 roboratus,
673 2377 772 2444 posset
785 2368 839 2425 sibi
854 2368 940 2426 vitam
955 2387 1120 2445 comparare
1133 2380 1281 2439 aeternam,

82 2462 297 2522 fundamentum
313 2475 356 2521 est
370 2475 397 2521 et
410 2464 487 2521 basis
502 2464 588 2521 totius
600 2465 775 2539 systematis.
808 2465 944 2522 Plurimis
959 2465 1281 2540 propositionibusillud

84 2559 268 2626 enuntiatur,¹
288 2558 390 2617 rueritd
413 2557 518 2616 idcirco
533 2556 682 2625 damnatis,
697 2576 786 2631 quum
811 2557 899 2615 homo
912 2557 1023 2616 nullum
1043 2559 1092 2635 jus
1107 2561 1232 2618 naturale
1246 2559 1281 2618 ad

84 2654 285 2713 beatitudinem
300 2656 402 2713 habeat
422 2653 578 2721 coelestem,
593 2652 671 2711 etad
693 2655 780 2711 finem
808 2651 1051 2729 supernaturalem
1064 2654 1193 2712 subsidia
1206 2656 1281 2732 ejus-

87 2749 151 2808 dem
165 2751 272 2808 ordinis
285 2751 471 2824 requirantur.

125 2846 223 2925 Caput
241 2866 368 2905 errorum
384 2846 469 2913 aliud,
491 2847 564 2927 lruie¹
586 2844 739 2904 admodum
753 2844 848 2912 affine,
864 2845 927 2912 fnit,
950 2845 1085 2921 operibus
1110 2844 1193 2906 bonis
1221 2849 1283 2907 vim

87 2942 180 3000 inesse
195 2953 224 3000 et
235 2943 372 3009 valorem,
387 2943 424 3000 ita
436 2952 467 3000 ut
479 2960 532 3017 per
544 2960 576 2999 se
591 2953 752 2999 mereantur
771 2949 904 2998 aternam
926 2940 1022 3008 vitam,
1044 2959 1082 2999 ex
1101 2942 1165 3018 ipsa
1183 2961 1282 3002 eorum

87 3038 142 3116 legi
156 3039 259 3105 divine
274 3038 495 3096 convenientia.¹
529 3037 636 3095 Mirum
652 3050 696 3095 est
706 3036 822 3094 Bullum
837 3024 1000 3094 damnatam
1013 3036 1088 3096 hauc
1101 3039 1282 3108 sententiam,

88 3134 174 3192 veluti
201 3155 217 3190 a
242 3132 411 3206 quibusdam
436 3132 621 3209 scriptoribus
642 3131 802 3190 Pontifioiis
824 3130 952 3188 traditam
967 3131 1145 3209 impugnare,
1159 3133 1282 3207 indeque

89 3231 190 3306 probra
205 3229 361 3288 Catholicis
375 3228 528 3306 objiciendi
550 3246 663 3286 sumere
684 3228 883 3286 occasionem:
905 3246 969 3301 quar
992 3247 1061 3287 sane
1085 3228 1189 3307 agendi
1212 3232 1284 3290 ratio

89 3327 243 3405 ingenuum
257 3327 428 3400 doctumque
443 3335 585 3383 auctorem
600 3323 728 3381 dedecet.
752 3339 760 3355 ⁹

128 3424 243 3497 Aliquae
266 3423 332 3499 BaJi
355 3423 502 3480 sententias
518 3420 682 3497 proscriptae
697 3431 763 3475 sunt
777 3419 813 3475 ob
828 3436 921 3498 acrem
945 3437 1030 3490 quam
1046 3422 1109 3478 tulit
1133 3423 1162 3479 in
1187 3435 1285 3482 contra

91 3518 245 3575 sentientes
259 3519 432 3575 censuram.⁸
465 3515 530 3573 Nec
544 3524 639 3573 tamen
653 3512 792 3571 contraria
806 3513 945 3569 sententia
956 3513 1021 3571 ideo
1033 3516 1151 3590 probata
1164 3515 1285 3576 dicenda

92 3623 143 3678 est,
156 3612 313 3684 quamvisa
327 3629 447 3669 censura
455 3611 502 3669 illa
514 3608 665 3667 vindicata.
686 3608 736 3665 Sic
747 3625 810 3680 quse
824 3605 905 3663 datur
919 3626 935 3663 a
949 3608 1093 3683 plerisque
1103 3609 1236 3685 Apostoli
1250 3611 1285 3670 ad

91 3707 237 3783 Romanos
250 3713 269 3765 2
290 3709 442 3784 explicatio
456 3703 597 3764 immeriti
617 3703 654 3762 ad
667 3703 816 3780 Pelagium
830 3714 973 3762 auctorem
988 3723 1004 3761 a
1018 3703 1091 3781 Bajo
1112 3705 1285 3766 referebatur

91 3817 173 3880 prop.
189 3808 239 3870 22,
255 3804 385 3875 quamvis
401 3803 459 3860 sint
476 3800 568 3859 adhuc
583 3800 655 3858 inter
682 3799 859 3864 catholicos,
875 3799 978 3870 quibus
1000 3817 1059 3858 non
1072 3799 1203 3870 arrideat,
1217 3822 1284 3863 cum

91 3899 252 3975 Augustino
269 3899 377 3975 quippe
398 3897 434 3955 de
454 3895 586 3974 gentibus
601 3893 636 3951 ad
651 3894 737 3951 tidem
752 3893 898 3950 conversis
923 3894 1201 3970 Augustinianenses
1216 3897 1285 3956 illud

92 3993 323 4068 interpretantur.

131 4089 255 4150 Peccato
279 4086 405 4146 admisso
429 4095 560 4163 peccator
573 4082 607 4141 ad
619 4101 732 4160 poenam
747 4091 866 4150 tenetur,
882 4101 944 4155 que
956 4096 1052 4144 manet
1074 4086 1219 4164 obligatio,
1234 4105 1289 4146 seu

295 4259 338 4324 (t)
358 4237 421 4307 vtis
432 4272 498 4322 prop.
512 4257 585 4314 1-9,
596 4258 637 4313 21,
648 4255 689 4313 aa,
701 4255 743 4312 24,
754 4256 795 4313 aa,
807 4256 848 4312 5⁵,
860 4257 900 4312 rs,
910 4255 950 4304 re.

294 4342 336 4407 (2)
356 4340 420 4390 Vide
427 4355 495 4405 prop.
505 4342 544 4398 11,
555 4341 594 4397 12,
609 4340 647 4397 13,
660 4338 699 4396 rt,
713 4337 750 4395 15,
764 4339 803 4396 17,
817 4340 855 4395 18,
866 4338 907 4384 44.

297 4428 339 4494 (a)
358 4425 423 4478 vtts
432 4440 500 4490 prop.
514 4426 554 4485 ia,
568 4426 608 4484 m,
618 4425 659 4484 aa,
670 4423 712 4480 aa
722 4424 764 4480 es,
774 4423 816 4482 aa,
832 4420 873 4480 tu,
884 4423 973 4482 aaut,
984 4423 1029 4471 or..

989 4568 1015 4597 t!
1035 4586 1040 4595 .

896 4629 900 4638 .
1005 4602 1029 4629 ⁸·
