2744 5024
461 289 614 379 upum
634 259 909 365 volumnius.»
1248 312 1285 368 ro

56 480 59 485 ·
117 462 228 520 ³148.
245 455 453 530 noueremus,
468 460 612 543 melorum
631 467 749 521 sn'orum
764 475 898 539 premens
913 457 1043 539 iestigim
1065 462 1151 522 diois:
1175 464 1287 524 “Siout

76 557 159 618 enim
169 561 299 618 omniunt
310 566 472 618 naturarum
480 570 590 619 creator
598 569 651 628 est,
659 561 699 618 ita
707 561 835 619 omnium
844 571 1015 636 potestatum
1024 560 1113 629 dator,
1121 581 1178 620 non
1188 563 1297 632 volun-4

79 665 180 715 tatum,
224 657 310 714 Malae
323 657 430 733 quippe
443 658 603 716 voluntates
614 658 649 714 ub
663 656 712 715 illo
727 673 786 715 non
800 661 876 724 sunt,
892 658 1028 730 quoniam
1042 667 1140 716 contra
1153 667 1283 718 naturam

79 747 159 821 sttdt,
171 761 234 827 quie
250 755 284 809 ab
299 740 348 810 illo
363 763 415 810 est.

123 854 171 908 32.
195 851 302 908 Merito
314 849 421 908 idcireo
431 849 598 908 Concilium
612 839 819 908 drausioam‘ttn
834 849 875 908 11,
887 849 1031 909 decrevitr
1048 850 1202 924 “Aliquos
1216 852 1284 911 verd

80 946 116 1005 ad
128 947 235 1005 malum
252 946 347 1005 divina
357 956 499 1025 potestate
508 946 723 1025 predestinatos
735 965 810 1015 esse,
819 966 878 1005 non
889 939 984 1006 solum
1000 967 1056 1007 non
1068 948 1221 1018 oredimus,
1231 949 1284 1008 ssd

79 1046 168 1103 etiarn
183 1048 209 1103 si
223 1057 289 1104 stent
302 1047 352 1118 qui
367 1056 476 1105 tanturn
490 1047 596 1106 malurn
610 1045 726 1105 eredere
741 1045 840 1114 velint,
853 1064 920 1103 oum
934 1047 1015 1104 omni
1028 1045 1213 1106 detestatione
1226 1048 1285 1106 illis

79 1130 419 1200 anatheruadietmusf’t'
563 1204 568 1209 ,
1121 1134 1124 1141 ’

121 1241 172 1296 33.
193 1238 261 1313 Ipsa
273 1237 389 1311 quidem
402 1240 482 1308 ratio,
494 1248 524 1296 et
537 1234 621 1298 insita
630 1238 735 1297 adimis
749 1239 854 1297 nostris
867 1225 1099 1319 Numinlsjnotio
1110 1240 1145 1297 ab
1156 1239 1206 1298 illo
1217 1239 1286 1319 dog·

80 1333 166 1391 matis
181 1343 310 1393 monstro
325 1325 467 1393 abhorret.
556 1361 557 1364 ¹

121 1426 172 1485 34.-
198 1417 638 1507 Objim'uutPraedostr'nutiurri.v
660 1437 680 1466 “
692 1428 897 1488 convenerunt
906 1430 983 1488 enim
993 1435 1059 1488 v‘ere
1068 1430 1099 1488 in
1108 1429 1221 1489 civitate
1230 1432 1286 1489 ista

79 1522 218 1581 adversus
231 1535 361 1584 sanctum
383 1544 504 1602 puerum
525 1536 605 1583 tuum
626 1524 729 1584 Jesum
751 1567 758 1582 .
782 1555 818 1583 ..
844 1556 854 1582 .>
874 1525 967 1582 faeere
988 1544 1052 1598 quae
1071 1545 1172 1584 manus
1188 1537 1235 1585 tua
1255 1538 1285 1586 et

79 1619 236 1678 eonsilium
251 1631 331 1680 tunm
346 1621 533 1680 decreverunt
546 1619 654 1679 deri-”⁸
693 1621 773 1698 Ergo
787 1638 845 1680 non
860 1640 891 1680 se
906 1622 1004 1680 hebuit
1018 1622 1100 1680 Deus
1115 1623 1285 1700 permissive

80 1725 204 1776 tentum.-

120 1819 170 1895 35.
193 1813 284 1892 Hesp.
326 1815 366 1873 Iis
378 1804 759 1892 verbls'profitentur'tideles
768 1826 804 1872 ee*
814 1823 878 1888 que
891 1824 994 1891 passus
1007 1824 1051 1871 est
1063 1814 1198 1872 Christus
1207 1832 1286 1872 sum,-

81 1929 129 1968 mo
144 1910 203 1968 Dei
217 1911 339 1969 oonsilio
354 1913 509 1988 contigisse
521 1931 528 1979 ;
544 1907 598 1968 neu
612 1910 741 1987 potuisse
751 1911 816 1987 ejus
831 1910 929 1968 hostes
941 1909 1048 1981 aliquid
1061 1910 1088 1966 ei
1099 1927 1213 1977 nocere,
1229 1909 1285 1966 nisi

83 2008 169 2068 Pater
183 2007 223 2076 id,
239 2009 270 2066 in
290 2009 407 2067 humani
423 2009 536 2086 generis
557 2009 689 2075 salutem,
704 2008 851 2067 voluisset.
893 2006 940 2064 Eo
961 2024 1047 2068 sensu
1063 2006 1136 2064 dixit
1150 2006 1285 2064 Christus

82 2105 191 2164 Pilato:
209 2112 229 2141 “
242 2105 313 2162 Non
324 2104 445 2163 haberes
461 2114 630 2181 potestatem
639 2103 789 2162 adversum
801 2121 847 2161 me
856 2102 954 2170 ullam,
965 2101 1022 2160 nisi
1036 2103 1087 2160 tibi
1101 2102 1197 2162 datum
1209 2112 1287 2160 esset

83 2198 255 2275 desuper.’'⁴
294 2199 417 2257 Decreta
429 2210 496 2256 sunt
509 2200 607 2272 utique
621 2219 639 2256 a
660 2198 734 2267 Deo,
750 2199 797 2256 oui
810 2197 828 2256 J
831 2196 976 2255 odaeorum
990 2198 1112 2255 consilia
1124 2198 1160 2256 ab
1174 2187 1280 2256 oeteruo

84 2303 245 2370 patuerunt,
261 2296 311 2368 qui
332 2306 427 2354 umen
448 2295 607 2354 nullatenus
630 2313 680 2354 eos
702 2295 816 2372 impulit
836 2292 872 2352 ad
893 2293 987 2351 uoelus
1009 2292 1081 2352 adeo
1095 2294 1220 2353 immane
1234 2313 1283 2370 pe-

84 2391 225 2450 trandum.
1277 2381 1280 2387 ¹

118 2491 167 2546 ³6.
194 2485 262 2565 Obj.
278 2492 308 2544 2.
349 2487 431 2544 Deus
446 2487 552 2563 saepius
566 2485 669 2544 dieitur
682 2484 874 2545 commovisse
894 2483 1027 2542 homines
1041 2483 1077 2542 sd
1091 2484 1166 2543 male
1180 2485 1287 2544 iaoieu‘

86 2583 170 2643 dum:
193 2595 212 2621 ‘⁴
221 2583 339 2663 Addidit
347 2584 425 2643 furor
432 2583 553 2667 Domini
562 2583 645 2641 irasci
654 2592 753 2642 contra
760 2582 860 2650 lsrael,
873 2582 1085 2654 commovitque
1095 2574 1189 2640 David
1199 2583 1228 2640 in
1241 2574 1284 2639 eis

87 2678 252 2767 dicentem}³
269 2678 362 2748 Vade,
386 2672 615 2738 numera'lsrael
636 2689 666 2736 et
686 2676 838 2736 ludam.’'⁵
887 2677 1027 2736 Micheas
1053 2677 1171 2734 thabo
1192 2677 1283 2736 dixit:

88 2775 193 2835 “dedit
205 2766 352 2834 Dominus
373 2777 505 2852 spiritum
527 2775 669 2834 mendacii
690 2775 721 2832 in·
733 2792 783 2831 ore
798 2774 927 2831 omnium
941 2772 1144 2848 prophetarum
1159 2783 1283 2840 tuorum,

88 2873 132 2945 qui
145 2873 195 2931 hio
209 2881 285 2941 sunt,
301 2881 329 2930 et
339 2872 482 2930 Dominus
493 2872 605 2940 locutus
620 2880 664 2928 est
677 2878 775 2928 eontra
787 2878 815 2926 te
829 2862 982 2926 malum.”⁶
1021 2866 1070 2924 De
1079 2867 1177 2926 Semei
1189 2867 1283 2927 David

87 2968 175 3037 distr:
193 2980 213 3006 “
226 2963 369 3028 Dominus
383 2970 461 3027 enim
476 2969 612 3046 praecepit
625 2969 663 3034 ei,
678 2976 710 3025 ut
723 2965 905 3051 malediceret
918 2957 1059 3024 Davtdff’t

122 3070 171 3126 ³7.
193 3064 284 3142 Resp.
326 3065 408 3122 Sacri
421 3065 573 3140 scriptores
588 3063 685 3123 omnia
696 3061 731 3120 ad
745 3046 840 3134 Dium
856 3071 999 3121 auctorem
1014 3061 1117 3120 relerr‘e
1128 3073 1285 3144 consuere-ff

87 3171 156 3230 runt,
168 3171 202 3218 ut
213 3161 333 3218 innuant
342 3162 423 3239 ipsos
439 3161 593 3237 impiorum
605 3169 684 3217 aetus
696 3159 799 3216 divinae
811 3159 930 3216 subesse
945 3158 1141 3236 providentie,
1154 3160 1284 3232 nihilque

86 3259 138 3317 uisi
152 3258 211 3316 Dei
220 3259 341 3318 oonsilio
348 3248 525 3335 dontingere
536 3256 613 3331 quod
623 3257 813 3315 certissimum
823 3265 877 3314 est.
899 3257 958 3315 Pro
968 3257 1173 3315 vehementiori
1183 3257 1284 3317 Orien-

85 3355 181 3414 tatium
196 3357 274 3432 stylo
288 3355 369 3414 Deus
383 3355 486 3414 dieitur
499 3355 602 3422 faeere,
615 3363 681 3435 qum
694 3350 811 3414 nonnisi
825 3355 889 3430 ipso
902 3355 1014 3412 sinente
1027 3355 1101 3412 lauta
1114 3365 1190 3413 sunt.
1233 3355 1283 3413 Sic

84 3451 186 3509 dieitur
206 3451 400 3510 commovisse
416 3449 510 3508 David
532 3449 566 3507 ad
587 3438 706 3509 censuim
721 3450 822 3527 populi
842 3448 1015 3518 laciendum,
1028 3459 1061 3506 ut
1079 3450 1284 3527 intelligeretur

85 3562 181 3621 regem
203 3545 235 3604 id
250 3547 363 3622 cepisse
382 3546 507 3614 consilii,
525 3546 610 3622 culpa
624 3544 740 3618 quidem
763 3559 826 3613 sua,
844 3543 898 3602 sed
913 3543 976 3602 Deo
996 3544 1035 3602 ita
1048 3543 1229 3620 disponente,
1246 3547 1284 3604 al-

87 3641 149 3699 tiori
161 3641 349 3718 providentiae
361 3641 492 3710 oonsilio,
502 3651 534 3700 ut
546 3641 694 3717 puniretur
703 3641 802 3699 Israel.
830 3640 968 3699 Michaeas
980 3639 1141 3716 parabolam
1154 3658 1205 3697 seu
1216 3641 1286 3699 ima·

85 3735 181 3812 qinem
197 3737 341 3812 poeticam
356 3735 493 3804 adtribuit,
508 3745 540 3806 ut
552 3736 653 3794 Achab
666 3721 836 3812 intelligeret
849 3746 928 3793 setes
946 3735 1099 3795 mendaces
1113 3736 1140 3794 ei
1155 3736 1284 3806 illudere,

84 3829 170 3905 idque
191 3832 222 3891 iu
237 3850 351 3908 poenam
370 3832 466 3891 sDeo
486 3834 671 3910 permissum.
713 3831 807 3889 David
825 3831 941 3906 agnouit
953 3833 1068 3889 nonnisi
1090 3831 1154 3890 Deo
1169 3836 1284 3910 permit·

86 3933 161 3986 tente
182 3928 394 4004 contingerent
414 3929 511 3986 Semei
526 3929 554 3985 ei
569 3926 759 3992 malediceret,
775 3923 853 3998 quod
873 3925 1009 4001 prteoepti
1029 3925 1118 3983 instar
1131 3925 1238 3995 habuit,
1253 3939 1285 3986 ut

87 4041 176 4098 penae
195 4023 252 4080 sibi
273 4023 402 4100 irrogatae
423 4025 586 4097 aequitatem
607 4022 771 4082 declararet.
813 4017 995 4087 “Quomodo
1016 4019 1120 4091 dixerit
1141 4022 1285 4083 Dominus

87 4115 151 4176 huie
166 4118 278 4176 homini
292 4117 463 4176 maledicere
484 4101 588 4188 David,
602 4118 666 4192 quis
680 4116 796 4196 sepiens
814 4129 844 4176 et
856 4114 1017 4195 inulligett
1059 4119 1128 4178 Non
1142 4121 1220 4179 enim
1236 4122 1283 4198 ju·

87 4211 180 4284 bendo
194 4213 276 4282 dixit,
290 4215 340 4272 ubi
354 4214 516 4275 obedientia
535 4216 715 4285 laudaretur3
737 4215 789 4274 sed
803 4213 880 4288 quod
900 4214 963 4291 ejus
978 4216 1151 4276 voluntatem
1168 4219 1283 4296 proprio

86 4309 155 4369 virio
168 4329 223 4368 suo
243 4310 347 4370 malam
369 4313 401 4375 in
414 4311 470 4371 hoo
489 4323 639 4391 peceatum
654 4312 767 4392 judicio
779 4331 833 4370 suo
853 4312 933 4389 justo
948 4322 977 4372 st
993 4315 1105 4374 oooulto
1117 4315 1281 4385 inclinavit,
1340 4329 1344 4333 ’

419 741 452 789 ’51

121 4464 482 4531 (phausianam.
588 4510 627 4533 .,
664 4469 708 4534 (o)
727 4467 910 4531 unoquo.
924 4470 946 4516 1.

119 4531 164 4598 (³)
177 4533 278 4582 sesrv.
291 4537 332 4583 ετ.
389 4544 392 4550 ·
660 4537 703 4602 (a)
722 4535 768 4585 111.
778 4536 839 4598 mg.
850 4534 911 4614 xm
923 4537 965 4591 aa.

120 4597 370 4736 tutum,
567 4693 584 4709 ,,
661 4601 975 4698 <tenua
