2744 5024
87 267 143 331 tes
213 323 218 329 .
334 258 409 343 -DE
429 258 531 329 JESU
553 258 725 328 sumsit
745 260 1006 331 Dlvtrttrsra
1081 312 1086 325 .

57 400 203 507 'dationi
228 425 311 484 toties
331 425 457 502 repetite
479 436 618 484 consonat
639 424 805 484 Judoeornm
825 425 1023 504 intelligentia,
1037 437 1128 498 quam
1141 416 1204 482 uon
1224 438 1287 482 eor·

84 521 167 588 rexit,
179 521 383 598 discipulorum
397 520 484 579 stiam
495 519 577 578 fides.
621 520 716 579 Voees
733 529 754 558 ‘⁶
763 519 896 598 genitus”
909 530 929 559 ‘⁴
938 518 1128 597 unigenitus”
1140 524 1208 578 earn'
1218 532 1285 577 oon·

83 616 210 673 firmant:
233 616 329 677 omnia
343 615 454 673 seilicet
466 624 635 691 congruunt,
650 615 675 672 si
690 632 773 672 verus
787 626 816 673 et
835 615 969 674 naturalis
990 615 1083 673 Filius
1107 613 1168 672 Dei
1181 612 1283 671 intelli·

5 754 8 759 .
85 719 184 786 gatus:
207 710 257 769 sed
279 711 395 769 nonnisi
409 710 558 787 ingeniose
581 720 610 767 et
630 720 689 767 arte
703 708 836 783 quedam,
852 711 912 771 imo
926 711 955 768 vi
976 709 1132 769 manifesta
1145 709 1235 777 illata,
1248 698 1287 767 ad¹

82 804 247 882 adoptivum
269 806 387 872 Filium,
401 807 486 863 etiam
509 805 785 882 praestantissimum,
800 804 992 864 traducuntur.
1033 805 1080 863 Ea
1100 804 1189 885 igitur
1212 802 1280 861 ratio

81 899 218 974 loquendi
230 911 364 977 usurpata
384 899 504 958 dicenda
517 900 589 958 soret
602 918 667 958 oum
689 901 816 976 periculo
829 911 906 959 nerto
929 900 1075 960 innatum
1096 916 1228 957 errorem
1240 897 1281 957 in·

81 995 226 1055 sinuandi.
266 996 415 1055 Accedunt
427 995 550 1071 plurima
564 1014 627 1068 quas
641 995 769 1071 Verbum
785 995 880 1054 Deum
902 995 1065 1073 prndioaut,
1079 995 1168 1066 eique
1181 992 1275 1051 divina

82 1091 209 1151 tribuunt
229 1111 326 1170 opera,
347 1091 518 1159 creationem
540 1100 569 1148 et
588 1091 833 1149 conservationem
854 1109 959 1159 rernm,
988 1089 1161 1162 divinasque
1181 1104 1277 1147 omnes

82 1188 281 1262 perfectiones.
324 1185 463 1244 Misaeula
477 1185 560 1261 plane
574 1184 671 1243 diviua
684 1186 712 1243 ei
725 1204 816 1243 unum
828 1203 861 1242 sa
874 1203 942 1243 oum
960 1184 1046 1245 Patre
1059 1182 1231 1261 predicanti
1241 1181 1277 1241 ie·

81 1295 147 1342 runt
160 1282 379 1340 testimonium.¹
765 1288 767 1293 '
1007 1330 1010 1337 .

122 1382 172 1436 83.
192 1377 339 1450 Equidem
353 1377 377 1433 si
393 1375 526 1436 Christus
540 1394 636 1434 merus
650 1376 738 1435 homo
752 1377 846 1445 inerit,
859 1375 927 1434 lieet
940 1372 1045 1434 divinis
1065 1385 1166 1433 suetus
1187 1370 1276 1439 donia,

82 1487 112 1535 et
124 1475 303 1553 amplissima
324 1483 440 1531 ornatus
454 1473 629 1540 anctoritate,
645 1473 690 1530 vel
704 1473 730 1530 si
745 1473 830 1531 suerit
843 1472 907 1532 Ens
921 1480 1050 1530 naturam
1064 1470 1171 1528 divine
1186 1468 1277 1545 proxi·

80 1592 157 1632 mam
173 1572 292 1638 habens,
307 1571 397 1643 liquet
418 1588 484 1627 enm
498 1569 575 1629 haud
590 1570 659 1627 satis
680 1570 803 1637 cavisse,
817 1587 853 1627 ne
874 1569 1007 1627 homines
1021 1568 1049 1626 ei
1072 1561 1221 1626 s'nmmnsn
1234 1564 1277 1623 tri·

80 1670 200 1728 buerent
222 1667 345 1734 cultum3
369 1664 420 1724 sed
442 1666 536 1741 potius
559 1665 642 1723 itare
664 1666 790 1743 gessisse
804 1677 833 1724 et
852 1665 979 1723 locutum
994 1674 1025 1723 ut
1038 1663 1119 1740 paria
1132 1680 1202 1721 eum
1216 1661 1279 1720 Deo

80 1765 210 1824 affectare
226 1763 376 1822 videretur.
417 1763 571 1839 Repugnat
584 1772 678 1820 autem
691 1762 772 1820 omni
786 1779 858 1820 reru
872 1758 1170 1843 senetitatis'notiooi,
1183 1768 1215 1817 ut
1225 1757 1278 1817 Dei

80 1860 116 1919 ad
129 1861 261 1919 homines
283 1861 394 1936 legatus
408 1859 447 1915 ita
467 1876 550 1915 sunm
571 1858 669 1916 efferet
690 1856 895 1923 auctoritatem,
910 1867 939 1913 et
958 1853 1071 1912 studeat
1090 1852 1277 1930 glories‚,euu

80 1954 249 2013 detrimento
268 1955 360 2012 cultus
382 1952 446 2011 Deo
468 1953 552 2009 unioe
567 1952 665 2009 debiti.
707 1949 854 2022 Quidquid
876 1950 961 2026 igitur
975 1950 1014 2007 sit
1026 1948 1064 2005 de
1079 1967 1138 2007 uno
1157 1948 1278 2007 alterove

80 2047 156 2106 dicto
171 2049 198 2105 in
211 2066 268 2119 quo
283 2048 375 2104 Patria
387 2049 499 2122 potiora
508 2048 574 2121 jura
585 2063 739 2120 agnoscere
750 2063 767 2101 a
778 2044 909 2102 Susianis
921 2056 1079 2111 censeatur,
1092 2052 1206 2100 constat
1214 2058 1277 2100 euin

79 2145 114 2201 iis
129 2145 201 2218 ipsis
216 2145 245 2201 in
259 2142 329 2201 loeis
345 2145 429 2200 rerba
440 2145 478 2201 ita
488 2160 671 2216 componere,
684 2151 715 2198 ut
728 2142 784 2199 sibi
798 2132 884 2199 etiem
898 2140 1045 2207 consulat3
1061 2149 1091 2196 et
1100 2138 1278 2215 plerumque,

79 2246 222 2309 tamquam
238 2255 330 2295 rerum
345 2238 514 2305 Dominum,
529 2255 672 2294 summanr
694 2236 781 2295 libere
796 2254 930 2315 exeruere
951 2243 1134 2312 potestatem,
1149 2243 1180 2291 et
1194 2231 1279 2291 vindi·

79 2349 142 2388 care
157 2332 359 2403 auctoritatem.

572 2473 785 2542 os'sncrrorras.

120 2618 168 2673 st.
194 2613 261 2694 Odj.
280 2621 305 2674 l.
331 2615 464 2674 Christus
480 2635 511 2674 se
533 2629 561 2674 et
582 2616 695 2674 Patrem
718 2634 805 2673 unum
828 2633 892 2671 esse
910 2611 936 2667 iv
954 2611 1038 2682 dixit,
1057 2611 1094 2671 ob
1108 2610 1278 2671 eonsensum

80 2711 242 2780 voluntatis,
252 2713 439 2789 agebat-enim
451 2731 487 2770 ex
497 2713 589 2771 Patris
600 2713 742 2788 J'ussione,
757 2712 784 2767 ei
796 2710 919 2786 perfecte
932 2711 1142 2785 obtemperans:
1167 2718 1186 2744 ‘⁴
1195 2709 1279 2784 Prop

80 2817 155 2866 terea
170 2828 214 2866 me
230 2809 322 2886 diligit
336 2811 435 2868 Pater:
459 2812 526 2882 qnia
540 2828 593 2886 ego
608 2827 685 2885 pono
697 2809 822 2865 enimam
836 2826 940 2864 meam.
983 2805 1049 2863 Hoo
1060 2803 1227 2863 mandatum
1239 2823 1286 2863 ao.

55 2946 58 2953 .
79 2907 143 2982 cepi
155 2927 170 2963 a
182 2908 266 2964 Patre
282 2908 395 2964 meo.''⁸
416 2908 511 2982 Opera
526 2925 577 2963 sue
592 2908 621 2963 in
635 2906 752 2963 nomine
768 2905 859 2963 Patris
871 2904 932 2961 fieri
947 2903 1093 2980 professus
1108 2913 1163 2969 est,
1176 2912 1205 2960 et
1214 2919 1279 2959 oves

79 3002 133 3058 sibi
148 3021 164 3058 a
179 3002 264 3058 Patre
279 2999 374 3068 datas;
397 3020 482 3073 quam
495 3002 631 3059 rationem
644 3001 809 3078 adsignabat
822 3018 908 3073 quare
920 3000 948 3057 ei
963 2999 1065 3057 auferri
1080 3017 1137 3057 non
1153 3010 1279 3074 possent,

79 3097 147 3169 quia
160 3096 246 3152 Pater
260 3097 349 3171 major
363 3107 406 3153 est
420 3098 563 3154 omnibus.
606 3095 735 3166 Judaeos,
749 3097 833 3155 verbo
846 3098 910 3174 ejus
926 3097 1049 3175 maligne
1065 3097 1279 3172 interpretantes

79 3192 114 3250 de
136 3190 240 3247 divinis
260 3192 402 3267 usurpatis
429 3192 596 3258 honoribus,
613 3193 734 3261 monuit,
746 3194 871 3269 judiees,
895 3193 1067 3260 sacerdotes,
1087 3203 1167 3249 vates
1188 3191 1281 3250 vocari

78 3288 159 3354 deos,
169 3305 257 3358 seque
268 3286 372 3345 ideirco
384 3289 545 3362 eonomine
558 3290 714 3364 nuncupari
724 3308 810 3364 posse
820 3291 856 3347 ob
868 3290 1121 3347 sanctificationem
1131 3298 1161 3344 et
1170 3289 1281 3346 missio·

79 3401 143 3440 nem
153 3402 169 3439 a
181 3382 264 3438 Patre
279 3380 443 3440 derivatam.
485 3382 590 3456 Liquet
598 3383 683 3460 igitur
691 3402 727 3441 ex
737 3393 872 3449 contextu
887 3404 952 3442 eum
964 3385 1038 3442 houd
1051 3384 1107 3441 sibi
1120 3383 1279 3441 vindicasse

78 3477 204 3539 divinam
220 3487 358 3534 naturam.
925 3554 928 3559 ⁶

118 3577 166 3631 85.
188 3571 277 3649 Resp.
300 3572 338 3630 Se
361 3572 494 3630 Christus
516 3573 589 3630 dixit
608 3592 696 3631 unum
712 3590 776 3631 eum
800 3574 896 3642 Patre,
916 3575 952 3632 ob
974 3573 1129 3650 potentiam
1152 3591 1281 3631 eominu-

78 3690 154 3737 nem,
177 3689 239 3742 quae
255 3689 319 3726 oum
342 3680 438 3727 natura
454 3669 613 3728 necessarii
636 3671 826 3746 conjungitur,
848 3672 888 3728 uti
909 3688 997 3747 supra
1016 3689 1054 3727 ex
1069 3670 1281 3746 chrysostomo

78 3765 347 3833 animadvertimus3
370 3767 434 3824 ideo
455 3768 563 3844 quippe
585 3786 670 3824 nemo
685 3786 753 3825 oves
773 3768 826 3824 sibi
847 3787 946 3843 rapere
967 3778 1085 3844 poterat,
1108 3767 1177 3839 quia
1198 3785 1281 3825 nemo

78 3863 155 3923 Patri
170 3881 218 3919 eos
234 3881 333 3939 rapere
343 3863 471 3930 valebat;
494 3874 522 3921 et
536 3865 598 3940 ipse
608 3875 636 3921 et
647 3865 732 3922 Pater
746 3883 834 3921 unum
850 3874 924 3930 sunt,
939 3864 1006 3936 qnia
1021 3864 1104 3924 Pater
1119 3864 1148 3920 iu
1164 3864 1241 3940 ipso,
1255 3877 1282 3921 et

77 3963 140 4039 ipse
156 3963 185 4019 in
199 3962 294 4019 Patre.
336 3961 433 4039 Opera
447 3963 476 4018 in
491 3962 607 4019 nomine
623 3962 715 4019 Patris
727 3962 856 4036 patravit,
869 3981 932 4035 quae
945 3973 1038 4020 tamen
1053 3970 1145 4018 elsua
1159 3961 1279 4028 dicebat,

77 4059 196 4117 eandem
216 4059 252 4115 ob
273 4077 399 4125 oausam,
424 4057 490 4129 quin
511 4057 619 4114 scilieet
640 4067 764 4132 potestas
786 4070 846 4115 erat
866 4059 1042 4117 communis:
1066 4058 1165 4116 relatio
1187 4073 1281 4118 autem

77 4154 144 4213 Filii
159 4152 194 4211 ad
208 4152 333 4219 Patrem,
356 4160 499 4223 tamquam
522 4150 705 4226 principium,
727 4152 887 4228 postulabat
900 4163 931 4211 ut
946 4137 1023 4223 Patri
1037 4153 1182 4231 praecipue
1197 4154 1280 4213 tribu·

87 4336 90 4340 Ι
115 4364 157 4428 (1)
177 4350 244 4414 lieo
256 4360 570 4412 Unitsrianismeramined
580 4361 612 4427 by
623 4361 683 4411 Rev.
692 4361 812 4428 Anthony
824 4362 950 4415 Kohlmnn
961 4364 988 4415 S.
999 4363 1022 4414 J.
1035 4324 1279 4423 Vol.ll..etBullum‚

76 4444 201 4496 iudicium
213 4448 280 4498 Eccl.
294 4445 367 4495 (leth.
378 4461 399 4495 c.
408 4445 424 4495 i.
437 4461 462 4495 n.
475 4448 514 4494 13.

112 4532 154 4597 (2)
174 4531 246 4584 loen.
258 4550 283 4584 x.
297 4537 336 4595 17,
350 4535 390 4583 le.
