2744 5024
81 270 140 339 ts:
418 266 476 341 na
497 264 946 346 vensicuooiosrlrlts.

81 436 189 507 sunu,”
210 454 270 495 non
291 454 371 506 msa,
395 436 448 496 sed
470 437 602 498 consultd
624 457 781 517 usurpssss
802 440 965 501 censendus
989 448 1044 510 est,
1067 440 1149 501 tscits
1165 435 1250 499 eibudl
1305 454 1308 485 ³

78 532 259 611 sulpturam,
280 550 333 610 pro
353 543 464 610 patrum
485 551 576 593 more.
618 534 705 601 Quod
725 546 820 595 autem
837 535 984 615 adjungat,
1004 535 1041 595 sd
1053 536 1186 594 unitatem
1197 534 1251 594 usu

78 627 278 707 explicandam
293 629 425 707 pertinet,
440 638 497 687 tres
511 629 590 688 enim
603 649 692 689 unum
706 643 784 699 suut,
795 632 880 708 juata
892 632 1016 691 loannis
1036 632 1074 691 dc
1094 628 1252 691 testibusdie

78 736 150 794 turn,
163 743 197 784 ea
211 742 328 803 prorsus
343 725 451 783 ratione
464 742 522 799 qua
533 723 668 784 Christus
680 744 713 784 se
727 736 755 785 et
770 726 886 787 Patrem
900 744 989 787 unum
1003 726 1090 796 dixit,
1101 724 1253 785 scilicctsub
1301 742 1308 781 t

78 821 190 880 stantia
203 821 322 879 unitate.
348 818 559 879 Tertullianum
573 830 667 880 antem
680 837 825 881 munnere
840 823 1026 881 consuevisse
1040 819 1076 880 ad
1091 822 1204 881 Grecos
1213 819 1254 879 lou·

78 926 122 975 tes
136 925 257 985 constet,
271 933 339 976 uam
353 914 521 974 adversariis
536 915 689 988 aliquando
702 932 801 975 comm
816 917 916 994 objicit
927 917 1134 976 auctoritatem.
1173 914 1257 974 “usis

79 1032 145 1074 mus
157 1014 241 1091 plane
254 1032 313 1073 non
326 1013 369 1072 sic
391 1030 456 1071 esse
471 1013 501 1071 in
515 1012 619 1071 Graeco
633 1012 807 1081 authentico,
832 1013 977 1087 quomodo
997 1014 1029 1074 in
1050 1030 1137 1072 usum
1150 1012 1257 1088 exiitpcr

81 1109 200 1168 duarum
214 1108 388 1186 syllabarum
405 1116 454 1166 aut
467 1106 598 1165 callidam
613 1117 661 1165 ant
675 1107 837 1185 simplicum
848 1106 1077 1167 eversionum·'‘¹
1104 1106 1185 1165 licet
1195 1104 1258 1183 igitur

80 1204 185 1262 inferre
199 1222 257 1281 prm
273 1203 405 1261 manibus
419 1218 485 1260 eum
506 1201 621 1260 habisss
635 1202 774 1262 Graecum
787 1200 928 1272 codicem,
954 1203 984 1262 in
998 1220 1059 1277 quo
1073 1216 1160 1261 voces
1178 1196 1259 1259 illudo

81 1301 177 1369 Patre,
192 1302 279 1368 Filio,
293 1310 322 1358 et
335 1298 484 1359 Puraclsto
498 1298 701 1359 reserebantur.

122 1402 191 1458 17⁴.
212 1397 400 1464 Cvrnursns,
415 1396 607 1455 Griesbachio
620 1398 686 1475 ipso
696 1397 807 1474 judice,
817 1396 919 1457 eadem
932 1416 990 1472 qna
1002 1395 1198 1455 Tertrrlliauns
1209 1402 1260 1451 usul

81 1502 125 1552 est
137 1493 323 1551 recensione:
345 1491 542 1550 testimouium
556 1500 651 1551 antem
667 1502 883 1551 controversum
897 1490 1101 1569 proculdubio
1115 1489 1178 1567 plus
1193 1484 1261 1546 scuti

79 1589 215 1649 laudavit.
259 1587 367 1647 “Cum
382 1606 457 1647 unas
471 1604 558 1646 unua
572 1605 651 1657 sunu,
673 1588 819 1662 quomodo
832 1588 958 1666 Spiritus
971 1589 1098 1647 Sanctus
1118 1580 1260 1664 plaustusci

81 1702 146 1745 esse
170 1692 266 1761 potest
279 1684 329 1758 qul
349 1694 398 1743 aut
418 1683 514 1743 Patris
526 1693 574 1742 aut
595 1684 663 1743 Filii
687 1684 821 1743 iuimicus
843 1680 936 1742 est.'’'
974 1683 1160 1743 Manifestius
1173 1680 1260 1741 subc:

82 1790 102 1818 ‘⁴
113 1780 192 1839 Dicit
205 1779 369 1838 Dominus:
392 1778 483 1857 ‘Ego
498 1787 526 1839 et
547 1780 641 1839 Putes
659 1796 756 1838 unum
769 1797 874 1839 :umus
883 1780 908 1850 l‘
929 1780 1074 1839 etiterum
1095 1778 1134 1837 du
1149 1779 1261 1844 Paus,st

81 1876 168 1945 Filio,
194 1887 224 1935 et
243 1876 352 1954 Spiritu
374 1877 481 1935 Sancto
501 1877 639 1952 scripturn
662 1888 718 1934 est:
758 1875 807 1935 Eu
821 1886 856 1935 tus
869 1894 944 1935 uass
958 1893 1048 1936 uun!
1061 1868 1185 1935 snsr.''⁸
1207 1870 1259 1932 llsr

80 1973 166 2052 plane
179 1983 224 2032 est
237 1985 373 2035 consueta
393 1974 464 2033 ratio
479 1972 585 2031 citandi
606 1973 793 2049 Scriptum,
814 1984 844 2031 et
856 1983 987 2032 accurate
1007 1972 1157 2050 respondit
1170 1970 1260 2031 sociis!

84 2070 214 2128 Grecis:
235 2078 306 2132 oben
317 2073 341 2125 is
353 2073 420 2143 spei,
429 2078 454 2128 lu
464 2073 537 2128 leot-⁴
577 2068 661 2135 Quod
676 2079 770 2129 autem
783 2068 913 2127 nonnulli
925 2068 1069 2127 voluerint
1081 2067 1222 2146 mysticsm
1230 2062 1259 2121 is

82 2165 313 2243 terpretationem
327 2181 432 2221 vocum
446 2162 482 2220 de
496 2164 616 2221 testibus
630 2164 749 2222 terrenis
763 2163 823 2223 illic
833 2164 1006 2241 excogitare,
1019 2158 1259 2241 simpliciuolvis

82 2261 219 2319 orationis
242 2260 327 2318 serici
348 2268 499 2337 repugnat.
541 2258 569 2319 N
572 2278 606 2317 ec
620 2277 765 2318 moramur
778 2258 947 2319 Facundum
962 2258 1209 2328 Hermiauensem,
1221 2272 1256 2313 tv

83 2357 139 2415 culi
154 2357 228 2415 sexti
242 2355 491 2433 scriptorem,⁸qui
505 2354 647 2432 Cypriani
659 2357 799 2434 interpres
810 2354 921 2415 admitti
931 2357 1042 2430 nequit,
1052 2365 1133 2416 textu
1144 2357 1256 2416 obstsult·

82 2454 158 2511 sicut
167 2463 196 2511 et
210 2453 368 2527 antiquiora
383 2451 587 2526 aliquantulum
597 2452 750 2529 interprete
763 2452 926 2531 Fulgentiu,
938 2453 989 2528 qui
999 2464 1128 2513 mentem
1142 2446 1257 2531 cypridi

82 2548 194 2607 felicius
210 2559 357 2607 assecutus
371 2559 425 2606 est.
1056 2582 1059 2587 -

124 2650 192 2704 175.
214 2647 409 2705 Aususrsnus
425 2665 441 2703 a
455 2643 599 2722 plerisque
624 2653 758 2702 censetur
780 2663 884 2703 manco
907 2663 977 2703 usus
1001 2645 1094 2703 fuisse
1107 2643 1210 2711 codice,
1227 2635 1259 2695 vd
1303 2660 1306 2671 ·

82 2743 218 2802 Africana
231 2751 260 2800 et
272 2740 344 2801 Itala
356 2742 488 2800 versione
502 2742 641 2808 vicissim,
656 2760 720 2800 nam
736 2742 888 2818 mysticam
903 2742 996 2800 octavi
1010 2741 1145 2800 versiculi
1158 2737 1259 2818 explic·

83 2842 191 2901 tionem
206 2839 297 2898 semel
311 2838 457 2897 adhibuit:
479 2838 548 2896 alias
561 2837 733 2896 versiculum
744 2838 898 2915 septimum
910 2839 990 2896 visus
1000 2847 1046 2894 est
1059 2836 1199 2897 laudasse.
1217 2830 1263 2889 (it-

84 2950 174 2997 terum
190 2937 220 2993 in
231 2935 385 3011 mysticam
400 2935 477 2992 illam
492 2935 753 3010 interpretationem
765 2935 898 3001 excurrit,
911 2952 1001 3007 quum
1011 2934 1121 2993 Filium
1132 2953 1164 2992 ac
1174 2933 1264 2992 Pano

84 3035 170 3092 unius
185 3050 250 3089 esse
265 3041 370 3088 naturm
385 3030 568 3089 contenderet
582 3050 619 3088 ex
634 3030 743 3090 Christi
755 3032 865 3089 serbis:
889 3032 988 3108 “Ego
1001 3042 1030 3089 et
1044 3032 1130 3090 Pater
1141 3047 1222 3089 uuum
1232 3038 1266 3080 ¹1¹·

83 3145 148 3186 mus
160 3125 190 3194 3⁹¹
206 3135 234 3183 et
243 3126 438 3201 provocaverit
451 3125 657 3193 adversarium,
667 3138 699 3183 ut
713 3128 809 3199 aliquo
818 3127 951 3204 exemplu
963 3126 1127 3185 ostenderet
1140 3145 1184 3185 res
1197 3124 1266 3183 diver·

85 3241 124 3279 sae
138 3231 244 3278 naturae
260 3239 350 3278 unum
364 3218 442 3277 dici:
463 3239 610 3293 quumque
625 3222 681 3278 sibi
695 3223 832 3299 objiceret
846 3224 996 3301 Spiritum,
1017 3241 1121 3298 aquam
1136 3235 1165 3282 et
1176 3212 1268 3296 naupli

85 3334 152 3376 nem
167 3333 255 3373 unum
270 3314 338 3382 dici,
352 3314 420 3371 licet
433 3324 532 3373 natura
545 3315 748 3393 discreparent,
763 3319 911 3397 respondit
930 3338 965 3378 ea
978 3319 1014 3378 ad
1027 3321 1157 3389 Patrem,
1172 3319 1270 3379 Pilum

86 3422 115 3469 et
128 3410 268 3488 Spiritum
283 3411 418 3470 Sanctum
434 3413 528 3488 potius
543 3412 714 3472 reserenda.⁰
734 3415 814 3473 Alias
829 3428 923 3473 tamen
938 3415 1014 3474 haud
1028 3417 1150 3476 obscure
1164 3417 1273 3494 priorem

86 3505 259 3566 versiculum
271 3507 402 3565 adhibet:
426 3516 446 3544 ‘⁶
456 3509 541 3567 Pater
552 3519 581 3566 et
596 3509 687 3567 Filius
701 3528 790 3568 unum
800 3520 876 3568 sunt.
907 3510 950 3568 Ita
959 3511 1045 3569 ctiam
1060 3511 1186 3590 Spiritus
1203 3511 1278 3568 8:⁰0·

86 3614 132 3663 tus
147 3623 236 3663 unum
251 3605 373 3663 cumeis
388 3615 449 3662 est:
471 3604 545 3682 quin
566 3603 627 3663 hec
641 3605 702 3664 triu
714 3622 810 3664 unum
824 3603 945 3663 sunt.”⁷
984 3606 1058 3664 “Hi
1071 3618 1140 3666 sunt
1161 3618 1215 3666 tres
1233 3607 1286 3657 Μ’

89 3715 152 3773 tes:
172 3713 201 3758 et
211 3707 270 3758 tres
282 3718 378 3759 unum
391 3708 474 3770 sunt,
489 3705 556 3775 quia
569 3703 654 3760 unius
669 3701 833 3760 substantie
848 3703 958 3760 sunt.”⁸
977 3714 998 3740 ⁴⁶
1010 3704 1091 3762 Deus
1106 3706 1201 3778 itaque
1215 3703 1294 3761 suffl'

123 3876 160 3936 (l)
178 3873 208 3923 L.
220 3874 250 3925 de
261 3891 361 3939 monog.
372 3892 393 3926 c.
404 3876 439 3927 xi.

125 3963 168 4028 (2)
187 3961 235 4027 Ep.
247 3962 277 4011 sd
288 3962 402 4029 lubajan.

126 4051 168 4115 (3)
187 4047 219 4096 L.
229 4048 260 4095 dc
271 4049 334 4098 unit.
348 4047 417 4098 Eccl.
429 4064 450 4098 c.
461 4048 495 4098 ir.

125 4135 163 4196 (l)
181 4131 251 4181 Voss.
263 4135 287 4181 7.

127 4221 167 4284 (5)
179 4215 321 4276 Facundus,
329 4214 544 4281 Constantinopoli
552 4216 667 4278 scribens,
678 4217 737 4269 exul
744 4221 797 4287 jam
806 4235 821 4270 a
831 4218 916 4287 patria,
928 4234 989 4271 usus
999 4218 1096 4271 videtu:
1107 4235 1197 4271 manco
1207 4200 1304 4271 cocfi‘

89 4304 193 4369 ideoque
204 4301 351 4368 conjectarit
369 4299 523 4366 cyprianum
534 4301 643 4365 myndos
655 4302 784 4355 indulsisse
803 4304 1001 4372 interpretub'oni,
1017 4320 1096 4371 quum
1107 4321 1181 4357 voces
1191 4305 1222 4357 ds
1231 4295 1304 4355 td

90 4389 136 4438 bus
147 4387 282 4439 celestibus
292 4385 318 4435 iu
330 4385 414 4435 codice
424 4400 472 4450 pru
484 4385 597 4436 mnibus
608 4403 659 4437 non
670 4389 803 4454 reperisset.

127 4473 168 4537 (d)
185 4471 215 4520 1..
226 4471 252 4520 ii
261 4470 316 4520 adr.
327 4469 458 4519 Maximiu.
470 4467 598 4531 Asianum,
609 4488 631 4522 c.
641 4476 684 4523 22.

124 4560 164 4619 (7)
182 4555 214 4607 L.
222 4555 255 4606 iv.
266 4555 434 4616 cousinium,
445 4571 466 4606 u.
476 4572 519 4615 11,
531 4572 556 4607 n.
567 4560 609 4606 29.

127 4640 171 4708 (8)
191 4638 285 4690 Oontm
294 4639 468 4703 Maximinum,
480 4641 527 4693 lii.
539 4657 565 4693 n.
574 4644 599 4691 ³.
