2744 5024
78 212 139 271 1⁶2
455 208 513 271 DE
534 208 702 271 srlntru
723 202 906 269 stuct'o.

80 364 143 435 toli,
159 374 190 425 st
201 366 343 445 Spiritum
354 366 453 445 ipsum
467 367 518 440 qni
531 386 566 425 es
578 366 677 425 dabat.
691 366 816 436 terion·
831 363 939 425 ἄκοιτις
953 366 1097 429 Mem
1108 350 1178 427 “rii''
1187 386 1196 406 ⁴
1206 389 1213 408 ·
1224 388 1252 409 ..
1291 392 1294 399 ·

77 468 109 519 ’ὸ
123 463 224 531 Πνεῦμα
236 465 323 517 tettae.
362 462 434 523 ldeo
453 463 598 541 pollicitus
619 473 680 522 erat
703 462 860 521 cun-tm
882 456 1062 535 “accipietis
1082 454 1201 513 virtutem
1214 470 1251 511 sn·
1289 482 1292 489 ·

79 558 274 637 pervenientis
297 559 422 637 Spiritus
447 560 547 618 Sancti
570 560 601 619 in
626 559 722 619 ros.”¹
761 558 821 617 llis
845 554 930 634 plene
952 551 1137 629 distinguitur
1157 549 1251 607 virtuts

80 653 201 730 Spiritu,
216 664 363 729 tamquam
376 655 496 713 effeetus
511 675 529 713 a
548 674 657 714 crusna
673 652 779 725 ’dial'
791 650 1053 721 δύκνιέωὸόῆκ
1061 648 1107 703 «ὦ
1121 642 1185 717 “⁵7¹¹‘'
1196 643 1252 699 Μ’
1288 714 1291 721 ,

3 818 8 829 ,
79 766 157 819 νικος
169 750 291 821 tq’eps,
331 752 400 830 lpse
413 754 572 813 sanetifieat
593 753 709 811 fideles:
731 748 928 809 “sustitionti
941 748 1012 807 estis
1034 787 1047 806 .
1066 787 1078 804 .
1097 787 1106 805 .
1126 745 1155 803 in
1169 742 1251 819 Spin'tr

1 838 16 859 ''
82 846 142 907 Dei
155 848 293 907 nostri.”’
331 848 372 909 Iis
385 859 431 907 est
443 850 743 927 prestantissimorurn
762 865 884 925 operum
898 855 1020 914 aneton
1036 861 1105 903 nm
1118 842 1152 900 ab
1165 859 1195 899 so
1210 836 1253 915 ipsi

79 954 232 1005 moventur
245 954 275 1003 et
288 955 420 1023 aguntur.
460 944 534 1003 Haeo
547 944 587 1003 de
598 963 675 1004 mera
686 949 794 1015 tunm
806 944 931 1019 sopitam
944 942 1086 1000 sbsoum
1100 946 1153 995 est.

121 1044 172 1099 ³8.
197 1040 265 1121 oej.
280 1045 310 1101 3.
332 1042 391 1101 Pro
404 1040 527 1102 rudioris
541 1042 595 1100 nri
615 1042 732 1119 ingenio
746 1040 790 1098 vis
803 1037 861 1097 Dei
882 1040 911 1098 in
926 1037 1076 1097 hominnm
1090 1032 1196 1093 ammas
1205 1046 1257 1089 eon·

78 1136 237 1215 sipiebntur
250 1148 280 1197 et
292 1136 514 1207 describebatur,
528 1138 617 1197 veluti
630 1150 729 1197 notura
741 1136 873 1211 quiedam
887 1156 904 1194 e
917 1134 983 1195 Deo
1005 1131 1154 1211 prodiens,
1171 1138 1199 1187 et
1208 1124 1256 1185 sub
1299 1210 1301 1217 Ι

78 1234 198 1291 sistens.
1293 1232 1301 1279 ἵ

119 1330 169 1385 39.
188 1324 278 1403 Reep.
300 1326 335 1385 ln
354 1344 436 1385 more
456 1328 582 1405 positum
604 1339 649 1388 est
669 1328 867 1388 &desudetis
887 1324 1054 1385 murronis
1071 1320 1266 1397 Seriptnmmu
1299 1316 1301 1321 ’

76 1422 204 1483 maxime
217 1424 370 1499 perspicua
383 1424 540 1500 explicare,
554 1425 599 1483 vel
615 1427 711 1503 potius
727 1437 865 1493 evertere,
879 1422 1004 1483 rudioris
1025 1419 1081 1479 teri
1100 1416 1231 1482 indolem,
1243 1422 1269 1471 et

77 1516 222 1597 cogitandi
235 1526 265 1577 et
278 1518 422 1579 scribendi
435 1520 574 1579 rationem
596 1521 757 1599 allegando,
779 1532 808 1580 et
829 1521 964 1599 pleraque
978 1516 1014 1577 sd
1034 1515 1154 1593 mythos
1170 1522 1199 1570 et
1216 1510 1275 1568 alle·

76 1616 172 1692 gorius
185 1613 354 1673 referendo:
375 1615 427 1673 sed
443 1616 520 1690 quod
535 1617 614 1675 nullo
628 1618 800 1677 doen-ento
814 1618 923 1683 nititur,
946 1625 1053 1675 temere
1068 1612 1231 1675 affirmatur,
1248 1616 1275 1663 st

76 1709 143 1786 jure
164 1710 275 1789 optimo
296 1708 464 1787 denegatur.
503 1711 575 1778 Quae
596 1712 768 1771 adduximus
789 1711 951 1771 testimonie
971 1728 1029 1768 non
1050 1707 1129 1785 vulgi
1149 1722 1280 1771 errorem,

77 1804 126 1864 rel
145 1807 315 1882 scriptorum
329 1806 458 1883 ipsorum
473 1809 604 1867 notiones
619 1821 725 1867 temese
738 1810 852 1867 haustas
866 1808 1016 1873 exhibente
1034 1802 1087 1862 sed
1101 1800 1214 1861 Christi
1224 1800 1283 1859 llo-

78 1902 151 1963 mini
165 1902 322 1963 doctrinam
337 1914 368 1962 et
380 1906 599 1979 promissiones,
612 1907 716 1980 quibus
731 1906 898 1983 Apostoliea
912 1904 947 1962 de
967 1903 1079 1979 Spiritu
1099 1902 1208 1959 Saneto
1221 1917 1283 1957 sen·

77 1999 165 2058 tentia
178 2009 207 2057 et
220 1998 292 2058 fides
309 2000 491 2059 innitebatur.

118 2098 169 2155 to.
195 2094 263 2174 obj.
278 2099 307 2153 4.
331 2095 482 2154 Columbo
496 2098 595 2166 instar,
617 2098 741 2175 Spiritus
756 2099 879 2157 Sanetus
900 2096 930 2155 in
945 2095 1095 2155 Christum
1109 2090 1285 2153 deseendere

77 2191 173 2250 dietus
187 2203 242 2260 est,
255 2193 322 2265 quia
332 2192 439 2251 loanni
453 2193 588 2253 Christus
601 2196 761 2271 baptizatus
776 2195 872 2254 divino
885 2194 989 2271 repleri
1004 2195 1108 2251 virtute
1127 2192 1210 2250 visus
1224 2198 1286 2248 esta

78 2287 151 2346 sorte
173 2299 268 2346 autem
289 2289 402 2347 fortuna
423 2291 543 2367 contigit
562 2301 594 2348 ut
614 2292 747 2349 columba
760 2290 968 2350 circumvolans
983 2289 1071 2368 capiti
1085 2288 1201 2347 Christi
1220 2286 1287 2345 insi·

79 2382 147 2441 dere
173 2383 232 2442 sere
247 2382 413 2443 videretur.⁸
452 2386 523 2445 Non
537 2386 624 2465 igitur
637 2387 808 2447 concludere
823 2388 889 2457 iudo
908 2388 977 2447 lieet
990 2376 1130 2465 Spiritum
1146 2386 1284 2445 Sanctum

76 2497 233 2557 personam
253 2498 329 2538 esse.
811 2508 814 2513 ·

118 2578 169 2630 41.
191 2573 280 2652 Resp.
303 2577 362 2635 Pro
375 2576 465 2636 lubito
479 2579 590 2656 fingunt
604 2579 728 2639 Unitarii
742 2590 769 2637 et
784 2566 990 2646 Rationalistae,
1006 2578 1117 2652 sibique
1130 2577 1210 2636 aredi
1221 2595 1287 2655 pos·

80 2668 181 2736 tulum,
207 2669 276 2727 dum
291 2671 453 2750 simplicem
469 2685 498 2731 et
511 2685 615 2732 certam
631 2675 880 2752 Evangelistarum
895 2675 1082 2733 narrationem
1098 2672 1133 2732 nd
1151 2675 1286 2750 figmenta

78 2782 131 2821 sua
145 2764 323 2838 detorquent.
365 2768 497 2827 Profecto
513 2769 582 2828 dicit
595 2771 762 2838 Matthaeus,
774 2772 916 2848 baptizato
927 2770 1063 2828 Christo:
1086 2779 1107 2805 “
1116 2787 1189 2827 eece
1198 2767 1288 2846 aperti

79 2870 146 2915 sunt
160 2859 187 2915 ei
202 2861 285 2917 coeli:
308 2870 336 2919 et
350 2861 421 2921 vidit
435 2864 573 2940 Spiritum
589 2866 646 2923 Dei
667 2866 886 2923 descendentem
907 2866 981 2923 sieut
1001 2865 1175 2933 eolutnbam,
1197 2876 1226 2923 et
1240 2883 1287 2922 ve·

77 2954 205 3013 nientem
221 2973 308 3030 super
321 2958 399 3015 se.”⁴
439 2959 471 3016 ld
487 2944 580 3018 uerbis
607 2962 665 3019 sere
679 2962 789 3020 eisdem
811 2972 927 3020 testatur
950 2963 1076 3021 Marsus.
1121 2960 1205 3020 Luna
1217 2961 1287 3019 rese·

79 3059 177 3107 rente:
201 3057 220 3083 ‘⁸
231 3048 379 3109 deseendit
397 3055 521 3130 Spiritus
537 3057 658 3115 Sanetus
673 3059 814 3135 corporali
828 3060 927 3136 specie
945 3061 1020 3118 sicut
1033 3059 1166 3118 columba
1192 3060 1222 3117 in
1244 3059 1287 3135 ip·

79 3140 180 3199 sum.”
221 3144 360 3212 κοκταβῆναι
374 3151 404 3198 τὸ
420 3154 522 3216 Πνεῦμα
538 3156 568 3204 τὸ
584 3153 653 3220 ἅγιον
671 3157 801 3221 σωματικῷ
818 3158 884 3217 isles,
901 3159 958 3210 batt
974 3171 1124 3225 περιστεραν,
1140 3152 1185 3210 ἐπ’
1196 3154 1288 3217 dorus?

83 3238 210 3296 Joannes
226 3236 411 3311 Evangelista
425 3237 546 3298 affirmat
557 3243 715 3319 Baptistae]
730 3247 757 3304 id
773 3250 883 3308 solitus
898 3252 954 3308 sibi
967 3249 1064 3309 datum
1080 3252 1200 3310 Messioe
1215 3250 1287 3310 indi·

86 3333 162 3391 eium
178 3330 361 3388 declarasse.⁰
392 3331 451 3396 Qui
465 3331 526 3390 haec
541 3340 637 3397 emnia
651 3342 723 3400 inter
738 3344 895 3420 phantasiae
910 3348 1045 3424 figmenta
1057 3361 1221 3419 recensent,
1234 3369 1286 3408 sua

80 3428 177 3485 omnia
189 3426 272 3485 nobis
287 3427 513 3505 prudentissima
527 3431 645 3493 historia
659 3440 821 3499 obtrudunt.

119 3526 169 3581 42.
196 3522 263 3603 Obj.
278 3528 308 3582 5.
329 3524 463 3615 Apostoli
477 3524 600 3603 Spiritus
613 3533 708 3593 Sancti
723 3557 846 3613 persona
860 3540 961 3617 repleti
975 3539 1030 3598 dici
1043 3559 1101 3599 non
1113 3552 1286 3619 potuerunt:

82 3629 102 3658 “
113 3620 258 3693 quomodo
272 3621 351 3679 eninr
372 3622 495 3699 Spiritus
511 3624 642 3696 Sanetus,
657 3635 875 3710 omnipraesens,
900 3637 986 3695 modo
1006 3638 1090 3696 locali
1104 3640 1219 3698 animos
1238 3640 1288 3699 ho·

80 3717 191 3775 minum
206 3735 345 3792 occupare
360 3716 418 3774 diei
431 3719 556 3794 poterit?
585 3721 675 3798 Igitur
687 3728 793 3806 repleti
810 3729 926 3808 Spiritu
945 3731 1053 3792 Sancto
1070 3735 1136 3803 erit,
1149 3745 1287 3813 operante

80 3822 109 3870 et
123 3811 272 3890 adjuvante
287 3813 352 3872 Deo
367 3814 475 3890 aliquid
489 3818 605 3895 agere.’'
648 3821 752 3897 liquet
765 3828 822 3886 Dei
837 3831 894 3889 vim
909 3831 1030 3908 intelligi
1048 3850 1116 3906 quae
1129 3832 1287 3911 Apostolos

314 4053 351 4109 (1)
370 4049 426 4100 nen
438 4051 456 4100 i.
471 4055 497 4101 s.

317 4137 355 4190 (2)
373 4133 393 4181 1.
405 4132 463 4182 Cor.
474 4136 507 4184 vi.
518 4136 543 4184 ii.

316 4216 359 4283 (8)
378 4215 452 4265 lesus
464 4219 513 4267 end
529 4220 569 4270 his
581 4222 754 4290 Biogrnphers,
765 4244 790 4294 p.
802 4230 829 4282 ii.
838 4230 877 4282 oli
887 4232 921 4284 iii.
932 4248 957 4300 p.
972 4236 1028 4284 153·

317 4299 360 4365 (ι)
379 4296 493 4350 Mittin.
505 4305 544 4352 ιι.

317 4380 542 4447 mmmm

314 4467 352 4530 (u)
372 4466 444 4520 loen
455 4468 471 4521 i.
480 4472 521 4534 32,
533 4475 573 4522 θλ
