<?xml version="1.0" encoding="UTF-8"?>
<!DOCTYPE html PUBLIC "-//W3C//DTD XHTML 1.0 Transitional//EN"
    "http://www.w3.org/TR/xhtml1/DTD/xhtml1-transitional.dtd">
<html xmlns="http://www.w3.org/1999/xhtml" xml:lang="en" lang="en">
 <head>
  <title>
</title>
<meta http-equiv="Content-Type" content="text/html;charset=utf-8" />
  <meta name='ocr-system' content='tesseract 3.04.00' />
  <meta name='ocr-capabilities' content='ocr_page ocr_carea ocr_par ocr_line ocrx_word'/>
</head>
<body>
  <div class='ocr_page' id='page_1' title='image "./theologidogmati01kenrgoog_0072.png"; bbox 0 0 2744 5024; ppageno 0'>
   <div class='ocr_carea' id='block_1_1' title="bbox 309 40 463 95">
    <p class='ocr_par' dir='ltr' id='par_1_1' title="bbox 309 40 463 95">
     <span class='ocr_line' id='line_1_1' title="bbox 309 40 463 95; baseline -0.013 0"><span class='ocrx_word' id='word_1_1' title='bbox 309 48 314 55; x_wconf 90' lang='lat'>&#39;</span> <span class='ocrx_word' id='word_1_2' title='bbox 418 40 463 95; x_wconf 55' lang='grc' dir='ltr'><em>Μ</em></span> 
     </span>
    </p>
   </div>
   <div class='ocr_carea' id='block_1_2' title="bbox 310 229 315 257">
    <p class='ocr_par' dir='ltr' id='par_1_2' title="bbox 310 229 315 257">
     <span class='ocr_line' id='line_1_2' title="bbox 310 229 315 257; baseline 0 0"><span class='ocrx_word' id='word_1_3' title='bbox 310 229 315 257; x_wconf 83' lang='lat' dir='ltr'>l</span> 
     </span>
    </p>
   </div>
   <div class='ocr_carea' id='block_1_3' title="bbox 415 271 1272 359">
    <p class='ocr_par' dir='ltr' id='par_1_3' title="bbox 415 271 1272 359">
     <span class='ocr_line' id='line_1_3' title="bbox 415 271 1272 359; baseline -0.001 -23"><span class='ocrx_word' id='word_1_4' title='bbox 415 273 481 337; x_wconf 81' lang='lat' dir='ltr'>DE</span> <span class='ocrx_word' id='word_1_5' title='bbox 502 272 701 333; x_wconf 81' lang='lat' dir='ltr'>PEGOA&#39;I&#39;O</span> <span class='ocrx_word' id='word_1_6' title='bbox 722 271 920 359; x_wconf 68' lang='lat' dir='ltr'>oeternis.</span> <span class='ocrx_word' id='word_1_7' title='bbox 1234 279 1272 335; x_wconf 74' lang='lat' dir='ltr'>dl</span> 
     </span>
    </p>
   </div>
   <div class='ocr_carea' id='block_1_4' title="bbox 43 428 1275 3938">
    <p class='ocr_par' dir='ltr' id='par_1_4' title="bbox 43 428 1275 3938">
     <span class='ocr_line' id='line_1_4' title="bbox 102 428 1275 508; baseline -0.005 -16"><span class='ocrx_word' id='word_1_8' title='bbox 102 451 168 508; x_wconf 83' lang='lat' dir='ltr'>quom</span> <span class='ocrx_word' id='word_1_9' title='bbox 189 449 247 489; x_wconf 89' lang='lat' dir='ltr'>non</span> <span class='ocrx_word' id='word_1_10' title='bbox 275 430 367 507; x_wconf 86' lang='lat' dir='ltr'>magis</span> <span class='ocrx_word' id='word_1_11' title='bbox 391 430 466 488; x_wconf 82' lang='lat' dir='ltr'>ultra</span> <span class='ocrx_word' id='word_1_12' title='bbox 488 429 576 488; x_wconf 89' lang='lat' dir='ltr'>fidem</span> <span class='ocrx_word' id='word_1_13' title='bbox 601 439 687 497; x_wconf 88' lang='lat' dir='ltr'>essct,</span> <span class='ocrx_word' id='word_1_14' title='bbox 712 447 799 502; x_wconf 86' lang='lat' dir='ltr'>quam</span> <span class='ocrx_word' id='word_1_15' title='bbox 827 428 970 488; x_wconf 87' lang='lat' dir='ltr'>interitum</span> <span class='ocrx_word' id='word_1_16' title='bbox 998 447 1035 487; x_wconf 86' lang='lat' dir='ltr'>ex</span> <span class='ocrx_word' id='word_1_17' title='bbox 1057 430 1142 487; x_wconf 88' lang='lat' dir='ltr'>unius</span> <span class='ocrx_word' id='word_1_18' title='bbox 1169 428 1275 487; x_wconf 90' lang='lat' dir='ltr'>delicto</span> 
     </span>
     <span class='ocr_line' id='line_1_5' title="bbox 104 526 1274 604; baseline -0.005 -14"><span class='ocrx_word' id='word_1_19' title='bbox 104 529 205 590; x_wconf 85' lang='lat' dir='ltr'>omnibus</span> <span class='ocrx_word' id='word_1_20' title='bbox 226 529 387 604; x_wconf 83' lang='lat' dir='ltr'>provenire,</span> <span class='ocrx_word' id='word_1_21' title='bbox 403 536 488 604; x_wconf 87' lang='lat' dir='ltr'>prout</span> <span class='ocrx_word' id='word_1_22' title='bbox 506 527 616 586; x_wconf 85' lang='lat' dir='ltr'>Judaeis</span> <span class='ocrx_word' id='word_1_23' title='bbox 637 545 805 602; x_wconf 90' lang='lat' dir='ltr'>persuasum</span> <span class='ocrx_word' id='word_1_24' title='bbox 827 535 895 583; x_wconf 83' lang='lat' dir='ltr'>erat.</span> <span class='ocrx_word' id='word_1_25' title='bbox 938 526 1025 584; x_wconf 82' lang='lat' dir='ltr'><strong>Putat</strong></span> <span class='ocrx_word' id='word_1_26' title='bbox 1045 537 1139 584; x_wconf 88' lang='lat' dir='ltr'>autem</span> <span class='ocrx_word' id='word_1_27' title='bbox 1161 544 1228 584; x_wconf 88' lang='lat' dir='ltr'>eum</span> <span class='ocrx_word' id='word_1_28' title='bbox 1243 527 1274 584; x_wconf 93' lang='lat' dir='ltr'>in</span> 
     </span>
     <span class='ocr_line' id='line_1_6' title="bbox 103 621 1269 698; baseline -0.006 -14"><span class='ocrx_word' id='word_1_29' title='bbox 103 634 177 691; x_wconf 74' lang='lat' dir='ltr'>meru,</span> <span class='ocrx_word' id='word_1_30' title='bbox 198 642 260 696; x_wconf 80' lang='lat' dir='ltr'>quae</span> <span class='ocrx_word' id='word_1_31' title='bbox 286 623 462 698; x_wconf 85' lang='lat' dir='ltr'>supplicium</span> <span class='ocrx_word' id='word_1_32' title='bbox 486 632 546 680; x_wconf 89' lang='lat' dir='ltr'>erat</span> <span class='ocrx_word' id='word_1_33' title='bbox 570 622 689 697; x_wconf 89' lang='lat' dir='ltr'>peccati,</span> <span class='ocrx_word' id='word_1_34' title='bbox 715 621 859 696; x_wconf 83' lang='lat' dir='ltr'>praeoipue</span> <span class='ocrx_word' id='word_1_35' title='bbox 886 621 1029 690; x_wconf 73' lang='lat' dir='ltr'>insistere,</span> <span class='ocrx_word' id='word_1_36' title='bbox 1055 631 1153 696; x_wconf 80' lang='lat' dir='ltr'><strong>utpote</strong></span> <span class='ocrx_word' id='word_1_37' title='bbox 1181 621 1269 679; x_wconf 87' lang='lat' dir='ltr'>notis·</span> 
     </span>
     <span class='ocr_line' id='line_1_7' title="bbox 106 716 1272 795; baseline -0.002 -18"><span class='ocrx_word' id='word_1_38' title='bbox 106 722 163 786; x_wconf 88' lang='lat' dir='ltr'>sina,</span> <span class='ocrx_word' id='word_1_39' title='bbox 177 721 243 791; x_wconf 91' lang='lat' dir='ltr'>quin</span> <span class='ocrx_word' id='word_1_40' title='bbox 264 719 300 776; x_wconf 93' lang='lat' dir='ltr'>de</span> <span class='ocrx_word' id='word_1_41' title='bbox 321 728 439 795; x_wconf 88' lang='lat' dir='ltr'>peceato</span> <span class='ocrx_word' id='word_1_42' title='bbox 460 719 525 795; x_wconf 90' lang='lat' dir='ltr'>ipso</span> <span class='ocrx_word' id='word_1_43' title='bbox 545 736 602 790; x_wconf 92' lang='lat' dir='ltr'>quo</span> <span class='ocrx_word' id='word_1_44' title='bbox 623 717 822 789; x_wconf 88' lang='lat' dir='ltr'>unusquisque</span> <span class='ocrx_word' id='word_1_45' title='bbox 843 716 997 784; x_wconf 88' lang='lat' dir='ltr'>tenebatur,</span> <span class='ocrx_word' id='word_1_46' title='bbox 1020 716 1153 774; x_wconf 88' lang='lat' dir='ltr'>disertius</span> <span class='ocrx_word' id='word_1_47' title='bbox 1174 716 1272 790; x_wconf 87' lang='lat' dir='ltr'>loque·</span> 
     </span>
     <span class='ocr_line' id='line_1_8' title="bbox 107 812 1271 890; baseline -0.002 -17"><span class='ocrx_word' id='word_1_48' title='bbox 107 824 165 882; x_wconf 85' lang='lat' dir='ltr'>retur,</span> <span class='ocrx_word' id='word_1_49' title='bbox 183 817 311 887; x_wconf 88' lang='lat' dir='ltr'>quamvis</span> <span class='ocrx_word' id='word_1_50' title='bbox 336 816 433 890; x_wconf 87' lang='lat' dir='ltr'>ipsum</span> <span class='ocrx_word' id='word_1_51' title='bbox 455 815 555 872; x_wconf 89' lang='lat' dir='ltr'>mortis</span> <span class='ocrx_word' id='word_1_52' title='bbox 584 822 662 869; x_wconf 87' lang='lat' dir='ltr'>esset</span> <span class='ocrx_word' id='word_1_53' title='bbox 685 812 818 870; x_wconf 90' lang='lat' dir='ltr'>omnibus</span> <span class='ocrx_word' id='word_1_54' title='bbox 843 831 949 870; x_wconf 88' lang='lat' dir='ltr'>causa:</span> <span class='ocrx_word' id='word_1_55' title='bbox 979 813 1169 870; x_wconf 84' lang='lat' dir='ltr'>“invenietur</span> <span class='ocrx_word' id='word_1_56' title='bbox 1192 814 1271 872; x_wconf 85' lang='lat' dir='ltr'>enirn</span> 
     </span>
     <span class='ocr_line' id='line_1_9' title="bbox 107 907 1271 988; baseline -0.001 -19"><span class='ocrx_word' id='word_1_57' title='bbox 107 930 143 969; x_wconf 84' lang='lat' dir='ltr'>neo</span> <span class='ocrx_word' id='word_1_58' title='bbox 163 931 251 988; x_wconf 80' lang='lat' dir='ltr'>penas</span> <span class='ocrx_word' id='word_1_59' title='bbox 280 913 396 984; x_wconf 88' lang='lat' dir='ltr'>quidem</span> <span class='ocrx_word' id='word_1_60' title='bbox 422 911 525 969; x_wconf 91' lang='lat' dir='ltr'>debere</span> <span class='ocrx_word' id='word_1_61' title='bbox 546 914 563 949; x_wconf 63' lang='lat'>⁸</span> <span class='ocrx_word' id='word_1_62' title='bbox 584 912 601 945; x_wconf 79' lang='lat'><em>*</em></span> <span class='ocrx_word' id='word_1_63' title='bbox 623 913 641 948; x_wconf 76' lang='lat'><em>*</em></span> <span class='ocrx_word' id='word_1_64' title='bbox 661 910 687 967; x_wconf 91' lang='lat' dir='ltr'>si</span> <span class='ocrx_word' id='word_1_65' title='bbox 714 907 829 981; x_wconf 88' lang='lat' dir='ltr'>quidem</span> <span class='ocrx_word' id='word_1_66' title='bbox 852 928 912 967; x_wconf 90' lang='lat' dir='ltr'>non</span> <span class='ocrx_word' id='word_1_67' title='bbox 931 928 969 967; x_wconf 88' lang='lat' dir='ltr'>ex</span> <span class='ocrx_word' id='word_1_68' title='bbox 996 911 1111 985; x_wconf 88' lang='lat' dir='ltr'>seipse</span> <span class='ocrx_word' id='word_1_69' title='bbox 1138 921 1271 985; x_wconf 86' lang='lat' dir='ltr'>peccator</span> 
     </span>
     <span class='ocr_line' id='line_1_10' title="bbox 105 994 1270 1083; baseline -0.003 -19"><span class='ocrx_word' id='word_1_70' title='bbox 105 1007 227 1064; x_wconf 82' lang='lat' dir='ltr'>extiterit.”</span> <span class='ocrx_word' id='word_1_71' title='bbox 283 1007 372 1083; x_wconf 77' lang='lat' dir='ltr'><strong>Igitur</strong></span> <span class='ocrx_word' id='word_1_72' title='bbox 387 994 560 1082; x_wconf 34' lang='lat' dir='ltr'>&#39;peccatores</span> <span class='ocrx_word' id='word_1_73' title='bbox 581 1006 674 1063; x_wconf 88' lang='lat' dir='ltr'>latiori</span> <span class='ocrx_word' id='word_1_74' title='bbox 701 1004 790 1061; x_wconf 87' lang='lat' dir='ltr'>sumit</span> <span class='ocrx_word' id='word_1_75' title='bbox 809 1022 909 1071; x_wconf 84' lang='lat' dir='ltr'>sensu,</span> <span class='ocrx_word' id='word_1_76' title='bbox 936 1003 1013 1076; x_wconf 90' lang='lat' dir='ltr'>quod</span> <span class='ocrx_word' id='word_1_77' title='bbox 1035 1016 1150 1081; x_wconf 85' lang='lat' dir='ltr'>censeat</span> <span class='ocrx_word' id='word_1_78' title='bbox 1176 1004 1270 1079; x_wconf 84' lang='lat' dir='ltr'>Apos-</span> 
     </span>
     <span class='ocr_line' id='line_1_11' title="bbox 106 1098 1270 1180; baseline -0.003 -20"><span class='ocrx_word' id='word_1_79' title='bbox 106 1103 169 1161; x_wconf 86' lang='lat' dir='ltr'>tolum</span> <span class='ocrx_word' id='word_1_80' title='bbox 183 1104 308 1162; x_wconf 90' lang='lat' dir='ltr'>nondum</span> <span class='ocrx_word' id='word_1_81' title='bbox 323 1124 383 1162; x_wconf 89' lang='lat' dir='ltr'>rem</span> <span class='ocrx_word' id='word_1_82' title='bbox 407 1104 518 1179; x_wconf 79' lang='lat' dir='ltr'><strong>plenius</strong></span> <span class='ocrx_word' id='word_1_83' title='bbox 540 1102 682 1180; x_wconf 87' lang='lat' dir='ltr'>pandere;</span> <span class='ocrx_word' id='word_1_84' title='bbox 705 1110 724 1137; x_wconf 79' lang='lat'>‘⁶</span> <span class='ocrx_word' id='word_1_85' title='bbox 737 1099 813 1172; x_wconf 93' lang='lat' dir='ltr'>quod</span> <span class='ocrx_word' id='word_1_86' title='bbox 828 1111 923 1157; x_wconf 90' lang='lat' dir='ltr'>autem</span> <span class='ocrx_word' id='word_1_87' title='bbox 938 1101 968 1157; x_wconf 91' lang='lat' dir='ltr'>in</span> <span class='ocrx_word' id='word_1_88' title='bbox 983 1102 1170 1172; x_wconf 83' lang='lat' dir='ltr'>quaestionem</span> <span class='ocrx_word' id='word_1_89' title='bbox 1185 1098 1270 1166; x_wconf 88' lang='lat' dir='ltr'>cadit,</span> 
     </span>
     <span class='ocr_line' id='line_1_12' title="bbox 105 1189 1271 1271; baseline -0.004 -14"><span class='ocrx_word' id='word_1_90' title='bbox 105 1208 143 1265; x_wconf 80' lang='lat' dir='ltr'>est,</span> <span class='ocrx_word' id='word_1_91' title='bbox 154 1201 236 1271; x_wconf 84' lang='lat' dir='ltr'>quaid</span> <span class='ocrx_word' id='word_1_92' title='bbox 251 1200 287 1256; x_wconf 92' lang='lat' dir='ltr'>de</span> <span class='ocrx_word' id='word_1_93' title='bbox 302 1219 389 1257; x_wconf 85' lang='lat' dir='ltr'>causa</span> <span class='ocrx_word' id='word_1_94' title='bbox 408 1200 512 1257; x_wconf 84' lang='lat' dir='ltr'>sactum</span> <span class='ocrx_word' id='word_1_95' title='bbox 528 1200 593 1256; x_wconf 76' lang='lat' dir='ltr'>esti</span> <span class='ocrx_word' id='word_1_96' title='bbox 615 1197 666 1255; x_wconf 90' lang='lat' dir='ltr'>sed</span> <span class='ocrx_word' id='word_1_97' title='bbox 682 1194 808 1255; x_wconf 90' lang='lat' dir='ltr'>nondum</span> <span class='ocrx_word' id='word_1_98' title='bbox 823 1189 878 1254; x_wconf 84' lang='lat' dir='ltr'>hoc</span> <span class='ocrx_word' id='word_1_99' title='bbox 893 1195 989 1253; x_wconf 89' lang='lat' dir='ltr'>addit:</span> <span class='ocrx_word' id='word_1_100' title='bbox 1013 1195 1197 1267; x_wconf 87' lang='lat' dir='ltr'>nequeenim</span> <span class='ocrx_word' id='word_1_101' title='bbox 1213 1193 1271 1270; x_wconf 79' lang='lat' dir='ltr'>ipsi</span> 
     </span>
     <span class='ocr_line' id='line_1_13' title="bbox 104 1291 1269 1370; baseline -0.002 -20"><span class='ocrx_word' id='word_1_102' title='bbox 104 1293 245 1370; x_wconf 73' lang='lat' dir='ltr'>adpraesens</span> <span class='ocrx_word' id='word_1_103' title='bbox 266 1296 410 1362; x_wconf 81' lang='lat' dir='ltr'>conducit,</span> <span class='ocrx_word' id='word_1_104' title='bbox 426 1315 490 1352; x_wconf 91' lang='lat' dir='ltr'>nam</span> <span class='ocrx_word' id='word_1_105' title='bbox 507 1295 656 1351; x_wconf 89' lang='lat' dir='ltr'>adversum</span> <span class='ocrx_word' id='word_1_106' title='bbox 677 1292 811 1352; x_wconf 81' lang='lat' dir='ltr'>Judaeum</span> <span class='ocrx_word' id='word_1_107' title='bbox 832 1292 985 1349; x_wconf 88' lang='lat' dir='ltr'>constituta</span> <span class='ocrx_word' id='word_1_108' title='bbox 1004 1310 1101 1367; x_wconf 88' lang='lat' dir='ltr'>pugna</span> <span class='ocrx_word' id='word_1_109' title='bbox 1121 1301 1165 1348; x_wconf 91' lang='lat' dir='ltr'>est</span> <span class='ocrx_word' id='word_1_110' title='bbox 1179 1291 1269 1349; x_wconf 86' lang='lat' dir='ltr'>ambi·</span> 
     </span>
     <span class='ocr_line' id='line_1_14' title="bbox 103 1386 1270 1465; baseline -0.001 -20"><span class='ocrx_word' id='word_1_111' title='bbox 103 1399 187 1462; x_wconf 87' lang='lat' dir='ltr'>gentem</span> <span class='ocrx_word' id='word_1_112' title='bbox 210 1411 242 1448; x_wconf 88' lang='lat' dir='ltr'>ac</span> <span class='ocrx_word' id='word_1_113' title='bbox 267 1391 453 1458; x_wconf 79' lang='lat' dir='ltr'>deridentem,</span> <span class='ocrx_word' id='word_1_114' title='bbox 479 1409 565 1462; x_wconf 87' lang='lat' dir='ltr'>quem</span> <span class='ocrx_word' id='word_1_115' title='bbox 592 1407 754 1465; x_wconf 89' lang='lat' dir='ltr'>perunum</span> <span class='ocrx_word' id='word_1_116' title='bbox 778 1388 919 1463; x_wconf 87' lang='lat' dir='ltr'>justitiam</span> <span class='ocrx_word' id='word_1_117' title='bbox 943 1387 1046 1444; x_wconf 88' lang='lat' dir='ltr'>factam</span> <span class='ocrx_word' id='word_1_118' title='bbox 1074 1405 1139 1444; x_wconf 88' lang='lat' dir='ltr'>esse</span> <span class='ocrx_word' id='word_1_119' title='bbox 1165 1386 1270 1445; x_wconf 82' lang='lat' dir='ltr'>vult.’&#39;¹</span> 
     </span>
     <span class='ocr_line' id='line_1_15' title="bbox 104 1481 1270 1560; baseline 0.002 -21"><span class='ocrx_word' id='word_1_120' title='bbox 104 1481 219 1556; x_wconf 79' lang='lat' dir='ltr'>Quidquid</span> <span class='ocrx_word' id='word_1_121' title='bbox 234 1486 272 1542; x_wconf 90' lang='lat' dir='ltr'>sit</span> <span class='ocrx_word' id='word_1_122' title='bbox 286 1485 321 1542; x_wconf 90' lang='lat' dir='ltr'>de</span> <span class='ocrx_word' id='word_1_123' title='bbox 336 1485 389 1541; x_wconf 87' lang='lat' dir='ltr'>hac</span> <span class='ocrx_word' id='word_1_124' title='bbox 402 1485 510 1542; x_wconf 87' lang='lat' dir='ltr'>ratione</span> <span class='ocrx_word' id='word_1_125' title='bbox 525 1483 685 1560; x_wconf 85' lang='lat' dir='ltr'>explicandi</span> <span class='ocrx_word' id='word_1_126' title='bbox 706 1491 831 1540; x_wconf 89' lang='lat' dir='ltr'>mentem</span> <span class='ocrx_word' id='word_1_127' title='bbox 845 1481 988 1557; x_wconf 80' lang='lat' dir='ltr'>Apostoli,</span> <span class='ocrx_word' id='word_1_128' title='bbox 1002 1491 1113 1539; x_wconf 87' lang='lat' dir='ltr'>constat</span> <span class='ocrx_word' id='word_1_129' title='bbox 1126 1482 1270 1557; x_wconf 87' lang='lat' dir='ltr'>Chrysos·</span> 
     </span>
     <span class='ocr_line' id='line_1_16' title="bbox 103 1578 1270 1657; baseline 0.005 -23"><span class='ocrx_word' id='word_1_130' title='bbox 103 1588 161 1636; x_wconf 84' lang='lat' dir='ltr'>tomo</span> <span class='ocrx_word' id='word_1_131' title='bbox 170 1582 235 1638; x_wconf 90' lang='lat' dir='ltr'>adeo</span> <span class='ocrx_word' id='word_1_132' title='bbox 250 1582 340 1639; x_wconf 79' lang='lat' dir='ltr'>luisse</span> <span class='ocrx_word' id='word_1_133' title='bbox 363 1601 528 1657; x_wconf 87' lang='lat' dir='ltr'>persuasum</span> <span class='ocrx_word' id='word_1_134' title='bbox 551 1590 667 1657; x_wconf 88' lang='lat' dir='ltr'>peccato</span> <span class='ocrx_word' id='word_1_135' title='bbox 682 1597 915 1651; x_wconf 87' lang='lat' dir='ltr'>unumquemque</span> <span class='ocrx_word' id='word_1_136' title='bbox 937 1578 1088 1650; x_wconf 91' lang='lat' dir='ltr'>inquinari,</span> <span class='ocrx_word' id='word_1_137' title='bbox 1103 1588 1135 1636; x_wconf 86' lang='lat' dir='ltr'>ut</span> <span class='ocrx_word' id='word_1_138' title='bbox 1149 1589 1270 1640; x_wconf 87' lang='lat' dir='ltr'>mortem</span> 
     </span>
     <span class='ocr_line' id='line_1_17' title="bbox 101 1673 1271 1752; baseline 0.004 -24"><span class='ocrx_word' id='word_1_139' title='bbox 101 1674 190 1732; x_wconf 90' lang='lat' dir='ltr'>omnino</span> <span class='ocrx_word' id='word_1_140' title='bbox 204 1677 266 1752; x_wconf 86' lang='lat' dir='ltr'>ejus</span> <span class='ocrx_word' id='word_1_141' title='bbox 283 1696 397 1751; x_wconf 84' lang='lat' dir='ltr'>poenam</span> <span class='ocrx_word' id='word_1_142' title='bbox 413 1677 547 1733; x_wconf 86' lang='lat' dir='ltr'>haberet:</span> <span class='ocrx_word' id='word_1_143' title='bbox 573 1676 696 1747; x_wconf 85' lang='lat' dir='ltr'>“liquet</span> <span class='ocrx_word' id='word_1_144' title='bbox 710 1674 859 1746; x_wconf 90' lang='lat' dir='ltr'>quodnon</span> <span class='ocrx_word' id='word_1_145' title='bbox 874 1673 970 1748; x_wconf 90' lang='lat' dir='ltr'>ipsum</span> <span class='ocrx_word' id='word_1_146' title='bbox 985 1684 1134 1748; x_wconf 89' lang='lat' dir='ltr'>peccatum</span> <span class='ocrx_word' id='word_1_147' title='bbox 1156 1674 1230 1746; x_wconf 90' lang='lat' dir='ltr'>quod</span> <span class='ocrx_word' id='word_1_148' title='bbox 1252 1696 1271 1732; x_wconf 89' lang='lat' dir='ltr'>a</span> 
     </span>
     <span class='ocr_line' id='line_1_18' title="bbox 102 1762 1270 1846; baseline 0.004 -25"><span class='ocrx_word' id='word_1_149' title='bbox 102 1762 155 1842; x_wconf 88' lang='lat' dir='ltr'>legis</span> <span class='ocrx_word' id='word_1_150' title='bbox 172 1770 395 1846; x_wconf 82' lang='lat' dir='ltr'>transgressione</span> <span class='ocrx_word' id='word_1_151' title='bbox 409 1783 501 1827; x_wconf 89' lang='lat' dir='ltr'>ortum</span> <span class='ocrx_word' id='word_1_152' title='bbox 516 1780 570 1838; x_wconf 91' lang='lat' dir='ltr'>est,</span> <span class='ocrx_word' id='word_1_153' title='bbox 585 1769 635 1826; x_wconf 87' lang='lat' dir='ltr'>sed</span> <span class='ocrx_word' id='word_1_154' title='bbox 657 1767 733 1825; x_wconf 87' lang='lat' dir='ltr'>illud</span> <span class='ocrx_word' id='word_1_155' title='bbox 742 1767 819 1839; x_wconf 92' lang='lat' dir='ltr'>quod</span> <span class='ocrx_word' id='word_1_156' title='bbox 839 1768 873 1823; x_wconf 89' lang='lat' dir='ltr'>ab</span> <span class='ocrx_word' id='word_1_157' title='bbox 888 1765 980 1822; x_wconf 86' lang='lat' dir='ltr'>Adam</span> <span class='ocrx_word' id='word_1_158' title='bbox 995 1766 1203 1842; x_wconf 77' lang='lat' dir='ltr'>inobedientia:</span> <span class='ocrx_word' id='word_1_159' title='bbox 1227 1771 1270 1845; x_wconf 90' lang='lat' dir='ltr'>ip·</span> 
     </span>
     <span class='ocr_line' id='line_1_19' title="bbox 100 1858 1269 1940; baseline 0.005 -26"><span class='ocrx_word' id='word_1_160' title='bbox 100 1863 230 1930; x_wconf 81' lang='lat' dir='ltr'>trutlind,</span> <span class='ocrx_word' id='word_1_161' title='bbox 246 1865 373 1935; x_wconf 85' lang='lat' dir='ltr'>inquam,</span> <span class='ocrx_word' id='word_1_162' title='bbox 396 1875 544 1940; x_wconf 91' lang='lat' dir='ltr'>peccatum</span> <span class='ocrx_word' id='word_1_163' title='bbox 560 1869 629 1928; x_wconf 89' lang='lat' dir='ltr'>erat,</span> <span class='ocrx_word' id='word_1_164' title='bbox 645 1861 722 1932; x_wconf 90' lang='lat' dir='ltr'>quod</span> <span class='ocrx_word' id='word_1_165' title='bbox 743 1860 841 1917; x_wconf 89' lang='lat' dir='ltr'>omnia</span> <span class='ocrx_word' id='word_1_166' title='bbox 861 1858 1015 1934; x_wconf 89' lang='lat' dir='ltr'>perdebat;</span> <span class='ocrx_word' id='word_1_167' title='bbox 1041 1870 1070 1915; x_wconf 88' lang='lat' dir='ltr'>et</span> <span class='ocrx_word' id='word_1_168' title='bbox 1084 1878 1214 1930; x_wconf 87' lang='lat' dir='ltr'>quaenam</span> <span class='ocrx_word' id='word_1_169' title='bbox 1228 1864 1269 1920; x_wconf 89' lang='lat' dir='ltr'>rei</span> 
     </span>
     <span class='ocr_line' id='line_1_20' title="bbox 100 1952 1269 2035; baseline 0.005 -25"><span class='ocrx_word' id='word_1_170' title='bbox 100 1953 163 2031; x_wconf 82' lang='lat' dir='ltr'>liujus</span> <span class='ocrx_word' id='word_1_171' title='bbox 175 1961 300 2035; x_wconf 87' lang='lat' dir='ltr'>probatio</span> <span class='ocrx_word' id='word_1_172' title='bbox 313 1960 413 2017; x_wconf 71' lang='lat' dir='ltr'>luerit?</span> <span class='ocrx_word' id='word_1_173' title='bbox 429 1979 532 2035; x_wconf 88' lang='lat' dir='ltr'>nempe</span> <span class='ocrx_word' id='word_1_174' title='bbox 548 1957 625 2030; x_wconf 92' lang='lat' dir='ltr'>quod</span> <span class='ocrx_word' id='word_1_175' title='bbox 639 1975 740 2014; x_wconf 91' lang='lat' dir='ltr'>omnes</span> <span class='ocrx_word' id='word_1_176' title='bbox 755 1963 819 2012; x_wconf 89' lang='lat' dir='ltr'>ante</span> <span class='ocrx_word' id='word_1_177' title='bbox 830 1954 924 2029; x_wconf 89' lang='lat' dir='ltr'>legem</span> <span class='ocrx_word' id='word_1_178' title='bbox 939 1952 1132 2011; x_wconf 74' lang='lat' dir='ltr'>interirent.&#39;&#39;⁹</span> <span class='ocrx_word' id='word_1_179' title='bbox 1171 1956 1269 2016; x_wconf 83' lang='lat' dir='ltr'>Altero</span> 
     </span>
     <span class='ocr_line' id='line_1_21' title="bbox 98 2045 1269 2130; baseline 0.006 -25"><span class='ocrx_word' id='word_1_180' title='bbox 98 2045 179 2109; x_wconf 87' lang='lat' dir='ltr'>luloco</span> <span class='ocrx_word' id='word_1_181' title='bbox 193 2055 304 2130; x_wconf 80' lang='lat' dir='ltr'>objecto</span> <span class='ocrx_word' id='word_1_182' title='bbox 319 2055 549 2129; x_wconf 85' lang='lat' dir='ltr'>Chrysostomus</span> <span class='ocrx_word' id='word_1_183' title='bbox 563 2052 683 2108; x_wconf 84' lang='lat' dir='ltr'>effectus</span> <span class='ocrx_word' id='word_1_184' title='bbox 699 2049 832 2126; x_wconf 81' lang='lat' dir='ltr'>baptismi</span> <span class='ocrx_word' id='word_1_185' title='bbox 846 2048 938 2116; x_wconf 79' lang='lat' dir='ltr'>effert,</span> <span class='ocrx_word' id='word_1_186' title='bbox 951 2066 1038 2120; x_wconf 89' lang='lat' dir='ltr'>quum</span> <span class='ocrx_word' id='word_1_187' title='bbox 1054 2059 1156 2124; x_wconf 84' lang='lat' dir='ltr'>praeter</span> <span class='ocrx_word' id='word_1_188' title='bbox 1169 2055 1269 2112; x_wconf 85' lang='lat' dir='ltr'>remis·</span> 
     </span>
     <span class='ocr_line' id='line_1_22' title="bbox 43 2134 1269 2224; baseline 0.007 -24"><span class='ocrx_word' id='word_1_189' title='bbox 43 2134 45 2209; x_wconf 70' lang='lat' dir='ltr'><strong>f</strong></span> <span class='ocrx_word' id='word_1_190' title='bbox 97 2143 182 2206; x_wconf 80' lang='lat' dir='ltr'>tionem</span> <span class='ocrx_word' id='word_1_191' title='bbox 204 2161 397 2224; x_wconf 84' lang='lat' dir='ltr'>peccatorum,</span> <span class='ocrx_word' id='word_1_192' title='bbox 413 2169 476 2221; x_wconf 86' lang='lat' dir='ltr'>quae</span> <span class='ocrx_word' id='word_1_193' title='bbox 491 2150 557 2221; x_wconf 90' lang='lat' dir='ltr'>quis</span> <span class='ocrx_word' id='word_1_194' title='bbox 572 2147 685 2204; x_wconf 90' lang='lat' dir='ltr'>adultus</span> <span class='ocrx_word' id='word_1_195' title='bbox 706 2145 866 2223; x_wconf 83' lang='lat' dir='ltr'>patraverit,</span> <span class='ocrx_word' id='word_1_196' title='bbox 882 2144 1004 2219; x_wconf 89' lang='lat' dir='ltr'>plurima</span> <span class='ocrx_word' id='word_1_197' title='bbox 1024 2145 1127 2203; x_wconf 88' lang='lat' dir='ltr'>tribuat</span> <span class='ocrx_word' id='word_1_198' title='bbox 1146 2146 1221 2206; x_wconf 78' lang='lat' dir='ltr'>duna</span> <span class='ocrx_word' id='word_1_199' title='bbox 1240 2162 1269 2208; x_wconf 86' lang='lat' dir='ltr'>et</span> 
     </span>
     <span class='ocr_line' id='line_1_23' title="bbox 97 2227 1269 2323; baseline 0.008 -27"><span class='ocrx_word' id='word_1_200' title='bbox 97 2243 226 2321; x_wconf 75' lang='lat' dir='ltr'>privilegia.</span> <span class='ocrx_word' id='word_1_201' title='bbox 273 2245 306 2302; x_wconf 90' lang='lat' dir='ltr'>ld</span> <span class='ocrx_word' id='word_1_202' title='bbox 322 2243 503 2320; x_wconf 84' lang='lat' dir='ltr'>parvulorum</span> <span class='ocrx_word' id='word_1_203' title='bbox 524 2245 692 2319; x_wconf 86' lang='lat' dir='ltr'>baptismate</span> <span class='ocrx_word' id='word_1_204' title='bbox 713 2243 842 2308; x_wconf 88' lang='lat' dir='ltr'>illustrat,</span> <span class='ocrx_word' id='word_1_205' title='bbox 857 2227 911 2298; x_wconf 88' lang='lat' dir='ltr'>nec</span> <span class='ocrx_word' id='word_1_206' title='bbox 931 2240 1007 2298; x_wconf 91' lang='lat' dir='ltr'>enim</span> <span class='ocrx_word' id='word_1_207' title='bbox 1023 2241 1058 2298; x_wconf 90' lang='lat' dir='ltr'>ad</span> <span class='ocrx_word' id='word_1_208' title='bbox 1072 2261 1188 2303; x_wconf 86' lang='lat' dir='ltr'>suorum</span> <span class='ocrx_word' id='word_1_209' title='bbox 1202 2265 1269 2323; x_wconf 90' lang='lat' dir='ltr'>psc-</span> 
     </span>
     <span class='ocr_line' id='line_1_24' title="bbox 43 2336 1268 2415; baseline 0.002 -15"><span class='ocrx_word' id='word_1_210' title='bbox 43 2354 45 2359; x_wconf 87' lang='lat'>&#39;</span> <span class='ocrx_word' id='word_1_211' title='bbox 78 2363 79 2367; x_wconf 47' lang='lat'>¹</span> <span class='ocrx_word' id='word_1_212' title='bbox 95 2347 196 2400; x_wconf 74' lang='lat' dir='ltr'>eurum</span> <span class='ocrx_word' id='word_1_213' title='bbox 212 2342 411 2399; x_wconf 86' lang='lat' dir='ltr'>remissionem</span> <span class='ocrx_word' id='word_1_214' title='bbox 426 2341 615 2415; x_wconf 86' lang='lat' dir='ltr'>baptizantur,</span> <span class='ocrx_word' id='word_1_215' title='bbox 629 2339 760 2413; x_wconf 86' lang='lat' dir='ltr'>quamvis</span> <span class='ocrx_word' id='word_1_216' title='bbox 774 2336 874 2412; x_wconf 90' lang='lat' dir='ltr'>procul</span> <span class='ocrx_word' id='word_1_217' title='bbox 887 2336 974 2393; x_wconf 90' lang='lat' dir='ltr'>dubio</span> <span class='ocrx_word' id='word_1_218' title='bbox 989 2337 1146 2412; x_wconf 86' lang='lat' dir='ltr'>baptismus</span> <span class='ocrx_word' id='word_1_219' title='bbox 1160 2341 1217 2401; x_wconf 85' lang='lat' dir='ltr'>illis</span> <span class='ocrx_word' id='word_1_220' title='bbox 1232 2344 1268 2402; x_wconf 90' lang='lat' dir='ltr'>ad</span> 
     </span>
     <span class='ocr_line' id='line_1_25' title="bbox 94 2429 1269 2519; baseline 0.004 -31"><span class='ocrx_word' id='word_1_221' title='bbox 94 2434 268 2493; x_wconf 77' lang='lat' dir='ltr'>remittendam</span> <span class='ocrx_word' id='word_1_222' title='bbox 284 2502 288 2507; x_wconf 26' lang='grc' dir='ltr'><strong><em>Ι</em></strong></span> <span class='ocrx_word' id='word_1_223' title='bbox 303 2455 409 2493; x_wconf 86' lang='lat' dir='ltr'>noxam</span> <span class='ocrx_word' id='word_1_224' title='bbox 430 2435 549 2519; x_wconf 83' lang='lat' dir='ltr'>originis</span> <span class='ocrx_word' id='word_1_225' title='bbox 584 2434 753 2493; x_wconf 80' lang='lat' dir='ltr'>conseratur.</span> <span class='ocrx_word' id='word_1_226' title='bbox 807 2429 951 2488; x_wconf 84' lang='lat' dir='ltr'>Caeterum</span> <span class='ocrx_word' id='word_1_227' title='bbox 986 2431 1134 2507; x_wconf 88' lang='lat' dir='ltr'>Pelagiaui</span> <span class='ocrx_word' id='word_1_228' title='bbox 1167 2453 1269 2514; x_wconf 83' lang='lat' dir='ltr'>perpe·</span> 
     </span>
     <span class='ocr_line' id='line_1_26' title="bbox 94 2527 1268 2602; baseline 0 -18"><span class='ocrx_word' id='word_1_229' title='bbox 94 2537 140 2584; x_wconf 78' lang='lat' dir='ltr'>rem</span> <span class='ocrx_word' id='word_1_230' title='bbox 156 2530 334 2588; x_wconf 86' lang='lat' dir='ltr'>reddiderunt</span> <span class='ocrx_word' id='word_1_231' title='bbox 355 2541 474 2596; x_wconf 85' lang='lat' dir='ltr'>textum,</span> <span class='ocrx_word' id='word_1_232' title='bbox 491 2532 531 2587; x_wconf 85' lang='lat' dir='ltr'>uti</span> <span class='ocrx_word' id='word_1_233' title='bbox 551 2531 607 2587; x_wconf 92' lang='lat' dir='ltr'>illis</span> <span class='ocrx_word' id='word_1_234' title='bbox 629 2530 698 2587; x_wconf 91' lang='lat' dir='ltr'>olim</span> <span class='ocrx_word' id='word_1_235' title='bbox 719 2527 900 2602; x_wconf 80' lang='lat' dir='ltr'>exprobravit</span> <span class='ocrx_word' id='word_1_236' title='bbox 920 2527 1114 2601; x_wconf 83' lang='lat' dir='ltr'>Augustinus:</span> <span class='ocrx_word' id='word_1_237' title='bbox 1135 2534 1177 2588; x_wconf 78' lang='lat' dir='ltr'>tid</span> <span class='ocrx_word' id='word_1_238' title='bbox 1192 2548 1268 2588; x_wconf 71' lang='lat' dir='ltr'>roera</span> 
     </span>
     <span class='ocr_line' id='line_1_27' title="bbox 43 2608 1269 2696; baseline 0.002 -20"><span class='ocrx_word' id='word_1_239' title='bbox 43 2612 47 2621; x_wconf 83' lang='grc'>’</span> <span class='ocrx_word' id='word_1_240' title='bbox 90 2621 124 2671; x_wconf 79' lang='lat' dir='ltr'>aot</span> <span class='ocrx_word' id='word_1_241' title='bbox 133 2639 159 2677; x_wconf 78' lang='lat' dir='ltr'>ru</span> <span class='ocrx_word' id='word_1_242' title='bbox 168 2625 253 2680; x_wconf 73' lang='grc' dir='ltr'>παιδία</span> <span class='ocrx_word' id='word_1_243' title='bbox 263 2624 415 2693; x_wconf 69' lang='grc' dir='ltr'><strong><em>βαπτίζομὲν</em></strong></span> <span class='ocrx_word' id='word_1_244' title='bbox 426 2624 508 2680; x_wconf 74' lang='grc' dir='ltr'><strong><em>καίτοι</em></strong></span> <span class='ocrx_word' id='word_1_245' title='bbox 519 2623 682 2696; x_wconf 60' lang='grc' dir='ltr'>ἁμαρτήμασι</span> <span class='ocrx_word' id='word_1_246' title='bbox 697 2632 727 2680; x_wconf 72' lang='grc' dir='ltr'>ἐκ</span> <span class='ocrx_word' id='word_1_247' title='bbox 739 2630 837 2688; x_wconf 72' lang='grc' dir='ltr'><em>ἔχοντα.</em></span> <span class='ocrx_word' id='word_1_248' title='bbox 879 2619 1002 2678; x_wconf 84' lang='lat' dir='ltr'>“Vides</span> <span class='ocrx_word' id='word_1_249' title='bbox 1023 2608 1171 2679; x_wconf 41' lang='lat' dir='ltr'>certe&#39;non</span> <span class='ocrx_word' id='word_1_250' title='bbox 1183 2624 1218 2678; x_wconf 90' lang='lat' dir='ltr'>ab</span> <span class='ocrx_word' id='word_1_251' title='bbox 1232 2639 1269 2680; x_wconf 85' lang='lat' dir='ltr'>eo</span> 
     </span>
     <span class='ocr_line' id='line_1_28' title="bbox 90 2701 1268 2791; baseline 0.011 -30"><span class='ocrx_word' id='word_1_252' title='bbox 90 2701 175 2771; x_wconf 84' lang='lat' dir='ltr'>dietum</span> <span class='ocrx_word' id='word_1_253' title='bbox 190 2733 254 2770; x_wconf 87' lang='lat' dir='ltr'>esse</span> <span class='ocrx_word' id='word_1_254' title='bbox 271 2712 416 2790; x_wconf 82' lang='lat' dir='ltr'>parvulos</span> <span class='ocrx_word' id='word_1_255' title='bbox 430 2731 490 2770; x_wconf 82' lang='lat' dir='ltr'>non</span> <span class='ocrx_word' id='word_1_256' title='bbox 511 2713 717 2788; x_wconf 80' lang='lat' dir='ltr'>coinquinatos</span> <span class='ocrx_word' id='word_1_257' title='bbox 738 2731 799 2770; x_wconf 83' lang='lat' dir='ltr'>esee</span> <span class='ocrx_word' id='word_1_258' title='bbox 814 2723 945 2790; x_wconf 78' lang='lat' dir='ltr'>peccato,</span> <span class='ocrx_word' id='word_1_259' title='bbox 960 2715 1023 2773; x_wconf 87' lang='lat' dir='ltr'>eive</span> <span class='ocrx_word' id='word_1_260' title='bbox 1042 2718 1195 2791; x_wconf 81' lang='lat' dir='ltr'>peecutia3</span> <span class='ocrx_word' id='word_1_261' title='bbox 1216 2716 1268 2775; x_wconf 87' lang='lat' dir='ltr'>sed</span> 
     </span>
     <span class='ocr_line' id='line_1_29' title="bbox 89 2808 1266 2886; baseline 0.004 -23"><span class='ocrx_word' id='word_1_262' title='bbox 89 2808 244 2868; x_wconf 67' lang='lat' dir='ltr'>metuere</span> <span class='ocrx_word' id='word_1_263' title='bbox 255 2817 392 2886; x_wconf 82' lang='lat' dir='ltr'>peccatu:</span> <span class='ocrx_word' id='word_1_264' title='bbox 415 2810 539 2886; x_wconf 83' lang='lat' dir='ltr'>intellige</span> <span class='ocrx_word' id='word_1_265' title='bbox 555 2810 680 2885; x_wconf 90' lang='lat' dir='ltr'>propria,</span> <span class='ocrx_word' id='word_1_266' title='bbox 695 2817 724 2865; x_wconf 90' lang='lat' dir='ltr'>et</span> <span class='ocrx_word' id='word_1_267' title='bbox 738 2809 816 2866; x_wconf 90' lang='lat' dir='ltr'>nulla</span> <span class='ocrx_word' id='word_1_268' title='bbox 828 2812 972 2868; x_wconf 88' lang='lat' dir='ltr'>contentio</span> <span class='ocrx_word' id='word_1_269' title='bbox 986 2820 1041 2867; x_wconf 88' lang='lat' dir='ltr'>est.</span> <span class='ocrx_word' id='word_1_270' title='bbox 1082 2813 1130 2878; x_wconf 87' lang='lat' dir='ltr'>At,</span> <span class='ocrx_word' id='word_1_271' title='bbox 1143 2812 1266 2882; x_wconf 81' lang='lat' dir='ltr'>inquies,</span> 
     </span>
     <span class='ocr_line' id='line_1_30' title="bbox 92 2897 1268 2982; baseline 0.003 -22"><span class='ocrx_word' id='word_1_272' title='bbox 92 2897 139 2960; x_wconf 80' lang='lat' dir='ltr'>Cur</span> <span class='ocrx_word' id='word_1_273' title='bbox 149 2925 200 2964; x_wconf 92' lang='lat' dir='ltr'>non</span> <span class='ocrx_word' id='word_1_274' title='bbox 215 2910 279 2982; x_wconf 90' lang='lat' dir='ltr'>ipse</span> <span class='ocrx_word' id='word_1_275' title='bbox 291 2905 398 2963; x_wconf 89' lang='lat' dir='ltr'>addidit</span> <span class='ocrx_word' id='word_1_276' title='bbox 412 2901 546 2982; x_wconf 77' lang='lat' dir='ltr'>proprisi</span> <span class='ocrx_word' id='word_1_277' title='bbox 589 2905 651 2961; x_wconf 82' lang='lat' dir='ltr'>Cur</span> <span class='ocrx_word' id='word_1_278' title='bbox 663 2915 805 2980; x_wconf 85' lang='lat' dir='ltr'>putamus,</span> <span class='ocrx_word' id='word_1_279' title='bbox 817 2907 874 2964; x_wconf 91' lang='lat' dir='ltr'>nisi</span> <span class='ocrx_word' id='word_1_280' title='bbox 888 2907 955 2980; x_wconf 90' lang='lat' dir='ltr'>quia</span> <span class='ocrx_word' id='word_1_281' title='bbox 968 2906 1116 2981; x_wconf 89' lang='lat' dir='ltr'>disputans</span> <span class='ocrx_word' id='word_1_282' title='bbox 1128 2909 1158 2964; x_wconf 90' lang='lat' dir='ltr'>in</span> <span class='ocrx_word' id='word_1_283' title='bbox 1170 2908 1268 2965; x_wconf 51' lang='lat' dir='ltr'>¹catho-</span> 
     </span>
     <span class='ocr_line' id='line_1_31' title="bbox 90 2991 1267 3080; baseline 0.004 -24"><span class='ocrx_word' id='word_1_284' title='bbox 90 2991 133 3056; x_wconf 84' lang='lat' dir='ltr'>lica</span> <span class='ocrx_word' id='word_1_285' title='bbox 143 3003 281 3070; x_wconf 81' lang='lat' dir='ltr'>Ecclesia,</span> <span class='ocrx_word' id='word_1_286' title='bbox 294 3022 352 3060; x_wconf 92' lang='lat' dir='ltr'>non</span> <span class='ocrx_word' id='word_1_287' title='bbox 366 3022 397 3060; x_wconf 89' lang='lat' dir='ltr'>se</span> <span class='ocrx_word' id='word_1_288' title='bbox 411 3003 492 3060; x_wconf 88' lang='lat' dir='ltr'>aliter</span> <span class='ocrx_word' id='word_1_289' title='bbox 505 3003 626 3079; x_wconf 91' lang='lat' dir='ltr'>intelligi</span> <span class='ocrx_word' id='word_1_290' title='bbox 640 3002 834 3071; x_wconf 87' lang='lat' dir='ltr'>arbitrabatur,</span> <span class='ocrx_word' id='word_1_291' title='bbox 850 3003 897 3061; x_wconf 88' lang='lat' dir='ltr'>tali</span> <span class='ocrx_word' id='word_1_292' title='bbox 912 3003 1069 3076; x_wconf 86' lang='lat' dir='ltr'>quaestioue</span> <span class='ocrx_word' id='word_1_293' title='bbox 1085 3003 1190 3061; x_wconf 88' lang='lat' dir='ltr'>nullius</span> <span class='ocrx_word' id='word_1_294' title='bbox 1205 3004 1267 3080; x_wconf 92' lang='lat' dir='ltr'>pul·</span> 
     </span>
     <span class='ocr_line' id='line_1_32' title="bbox 88 3096 1268 3177; baseline 0.007 -27"><span class='ocrx_word' id='word_1_295' title='bbox 88 3096 191 3167; x_wconf 77' lang='lat' dir='ltr'>satam,</span> <span class='ocrx_word' id='word_1_296' title='bbox 204 3100 287 3157; x_wconf 81' lang='lat' dir='ltr'>vobis</span> <span class='ocrx_word' id='word_1_297' title='bbox 302 3099 428 3156; x_wconf 92' lang='lat' dir='ltr'>nondum</span> <span class='ocrx_word' id='word_1_298' title='bbox 440 3099 615 3174; x_wconf 89' lang='lat' dir='ltr'>litigantibus</span> <span class='ocrx_word' id='word_1_299' title='bbox 630 3099 758 3155; x_wconf 89' lang='lat' dir='ltr'>securius</span> <span class='ocrx_word' id='word_1_300' title='bbox 769 3098 984 3172; x_wconf 82' lang='lat' dir='ltr'>loquebatur.”⁸</span> <span class='ocrx_word' id='word_1_301' title='bbox 1024 3100 1156 3158; x_wconf 79' lang='lat' dir='ltr'>Proiecto</span> <span class='ocrx_word' id='word_1_302' title='bbox 1172 3099 1268 3177; x_wconf 82' lang='lat' dir='ltr'>Chry·</span> 
     </span>
     <span class='ocr_line' id='line_1_33' title="bbox 62 3194 1266 3274; baseline 0.006 -27"><span class='ocrx_word' id='word_1_303' title='bbox 62 3268 64 3273; x_wconf 28' lang='grc' dir='ltr'>Ι</span> <span class='ocrx_word' id='word_1_304' title='bbox 85 3201 213 3252; x_wconf 79' lang='lat' dir='ltr'>eostomus</span> <span class='ocrx_word' id='word_1_305' title='bbox 224 3195 295 3250; x_wconf 90' lang='lat' dir='ltr'>alias</span> <span class='ocrx_word' id='word_1_306' title='bbox 305 3194 388 3251; x_wconf 84' lang='lat' dir='ltr'>dicit:</span> <span class='ocrx_word' id='word_1_307' title='bbox 404 3194 514 3250; x_wconf 84' lang='lat' dir='ltr'>“Dens</span> <span class='ocrx_word' id='word_1_308' title='bbox 530 3195 558 3250; x_wconf 94' lang='lat' dir='ltr'>in</span> <span class='ocrx_word' id='word_1_309' title='bbox 572 3195 793 3268; x_wconf 87' lang='lat' dir='ltr'>regenerationis</span> <span class='ocrx_word' id='word_1_310' title='bbox 802 3195 913 3253; x_wconf 88' lang='lat' dir='ltr'>lavacro</span> <span class='ocrx_word' id='word_1_311' title='bbox 924 3205 1049 3253; x_wconf 87' lang='lat' dir='ltr'>mentem</span> <span class='ocrx_word' id='word_1_312' title='bbox 1063 3198 1152 3269; x_wconf 87' lang='lat' dir='ltr'>gratia</span> <span class='ocrx_word' id='word_1_313' title='bbox 1167 3198 1266 3274; x_wconf 83' lang='lat' dir='ltr'>tangit,</span> 
     </span>
     <span class='ocr_line' id='line_1_34' title="bbox 85 3287 1268 3367; baseline 0.006 -25"><span class='ocrx_word' id='word_1_314' title='bbox 85 3287 189 3347; x_wconf 78' lang='lat' dir='ltr'>radicale</span> <span class='ocrx_word' id='word_1_315' title='bbox 204 3300 352 3365; x_wconf 86' lang='lat' dir='ltr'>peccatum</span> <span class='ocrx_word' id='word_1_316' title='bbox 367 3289 509 3346; x_wconf 83' lang='lat' dir='ltr'>evellit.&#39;’⁴</span> <span class='ocrx_word' id='word_1_317' title='bbox 549 3297 568 3323; x_wconf 76' lang='lat'>‘⁶</span> <span class='ocrx_word' id='word_1_318' title='bbox 579 3288 701 3353; x_wconf 81' lang='lat' dir='ltr'>Quando</span> <span class='ocrx_word' id='word_1_319' title='bbox 715 3289 806 3347; x_wconf 88' lang='lat' dir='ltr'>Adam</span> <span class='ocrx_word' id='word_1_320' title='bbox 822 3291 950 3365; x_wconf 83' lang='lat' dir='ltr'>peccavit</span> <span class='ocrx_word' id='word_1_321' title='bbox 963 3289 1032 3348; x_wconf 92' lang='lat' dir='ltr'>illud</span> <span class='ocrx_word' id='word_1_322' title='bbox 1047 3291 1153 3366; x_wconf 86' lang='lat' dir='ltr'>grande</span> <span class='ocrx_word' id='word_1_323' title='bbox 1168 3309 1268 3367; x_wconf 87' lang='lat' dir='ltr'>pecca·</span> 
     </span>
     <span class='ocr_line' id='line_1_35' title="bbox 80 3385 1267 3464; baseline 0.006 -24"><span class='ocrx_word' id='word_1_324' title='bbox 80 3388 141 3454; x_wconf 71' lang='lat' dir='ltr'>tum,</span> <span class='ocrx_word' id='word_1_325' title='bbox 154 3398 190 3444; x_wconf 78' lang='lat' dir='ltr'>et.</span> <span class='ocrx_word' id='word_1_326' title='bbox 203 3404 292 3444; x_wconf 88' lang='lat' dir='ltr'>omne</span> <span class='ocrx_word' id='word_1_327' title='bbox 314 3405 404 3462; x_wconf 90' lang='lat' dir='ltr'>genus</span> <span class='ocrx_word' id='word_1_328' title='bbox 420 3385 570 3442; x_wconf 87' lang='lat' dir='ltr'>hominurn</span> <span class='ocrx_word' id='word_1_329' title='bbox 590 3385 621 3442; x_wconf 88' lang='lat' dir='ltr'>in</span> <span class='ocrx_word' id='word_1_330' title='bbox 639 3404 792 3443; x_wconf 89' lang='lat' dir='ltr'>commune</span> <span class='ocrx_word' id='word_1_331' title='bbox 806 3385 960 3455; x_wconf 85' lang='lat' dir='ltr'>damnavit,</span> <span class='ocrx_word' id='word_1_332' title='bbox 975 3385 1011 3443; x_wconf 92' lang='lat' dir='ltr'>de</span> <span class='ocrx_word' id='word_1_333' title='bbox 1032 3406 1152 3446; x_wconf 87' lang='lat' dir='ltr'>moerore</span> <span class='ocrx_word' id='word_1_334' title='bbox 1167 3407 1267 3464; x_wconf 83' lang='lat' dir='ltr'>poenas</span> 
     </span>
     <span class='ocr_line' id='line_1_36' title="bbox 83 3473 1268 3558; baseline 0.003 -20"><span class='ocrx_word' id='word_1_335' title='bbox 83 3473 212 3541; x_wconf 52' lang='lat' dir='ltr'>trebiam</span> <span class='ocrx_word' id='word_1_336' title='bbox 243 3483 308 3540; x_wconf 89' lang='lat' dir='ltr'>Alia</span> <span class='ocrx_word' id='word_1_337' title='bbox 323 3482 403 3557; x_wconf 89' lang='lat' dir='ltr'>plura</span> <span class='ocrx_word' id='word_1_338' title='bbox 418 3483 548 3557; x_wconf 88' lang='lat' dir='ltr'>ejusdem</span> <span class='ocrx_word' id='word_1_339' title='bbox 563 3481 652 3538; x_wconf 89' lang='lat' dir='ltr'>sancti</span> <span class='ocrx_word' id='word_1_340' title='bbox 662 3480 786 3539; x_wconf 90' lang='lat' dir='ltr'>doctoris</span> <span class='ocrx_word' id='word_1_341' title='bbox 800 3483 962 3540; x_wconf 84' lang='lat' dir='ltr'>testimonia</span> <span class='ocrx_word' id='word_1_342' title='bbox 972 3482 1066 3539; x_wconf 90' lang='lat' dir='ltr'>laudat</span> <span class='ocrx_word' id='word_1_343' title='bbox 1079 3484 1268 3558; x_wconf 84' lang='lat' dir='ltr'>Augustinus,</span> 
     </span>
     <span class='ocr_line' id='line_1_37' title="bbox 80 3576 1267 3653; baseline 0.003 -19"><span class='ocrx_word' id='word_1_344' title='bbox 80 3591 193 3652; x_wconf 87' lang='lat' dir='ltr'>eumque</span> <span class='ocrx_word' id='word_1_345' title='bbox 207 3577 332 3636; x_wconf 85' lang='lat' dir='ltr'>ostendit</span> <span class='ocrx_word' id='word_1_346' title='bbox 345 3577 517 3634; x_wconf 89' lang='lat' dir='ltr'>concordem</span> <span class='ocrx_word' id='word_1_347' title='bbox 531 3578 640 3634; x_wconf 85' lang='lat' dir='ltr'>caeteris</span> <span class='ocrx_word' id='word_1_348' title='bbox 662 3578 788 3653; x_wconf 85' lang='lat' dir='ltr'>patribus</span> <span class='ocrx_word' id='word_1_349' title='bbox 802 3578 832 3635; x_wconf 89' lang='lat' dir='ltr'>in</span> <span class='ocrx_word' id='word_1_350' title='bbox 848 3578 903 3645; x_wconf 77' lang='lat' dir='ltr'>hoc</span> <span class='ocrx_word' id='word_1_351' title='bbox 918 3576 1059 3652; x_wconf 88' lang='lat' dir='ltr'>dogmate,</span> <span class='ocrx_word' id='word_1_352' title='bbox 1075 3578 1152 3650; x_wconf 89' lang='lat' dir='ltr'>quod</span> <span class='ocrx_word' id='word_1_353' title='bbox 1166 3580 1267 3638; x_wconf 83' lang='lat' dir='ltr'>meritd</span> 
     </span>
     <span class='ocr_line' id='line_1_38' title="bbox 79 3664 1270 3751; baseline 0.002 -21"><span class='ocrx_word' id='word_1_354' title='bbox 79 3666 153 3732; x_wconf 86' lang='lat' dir='ltr'>lubet</span> <span class='ocrx_word' id='word_1_355' title='bbox 166 3674 364 3750; x_wconf 77' lang='lat' dir='ltr'>praecipuum:</span> <span class='ocrx_word' id='word_1_356' title='bbox 387 3673 488 3735; x_wconf 82' lang='lat' dir='ltr'>“Hoc</span> <span class='ocrx_word' id='word_1_357' title='bbox 503 3685 596 3739; x_wconf 87' lang='lat' dir='ltr'>autem</span> <span class='ocrx_word' id='word_1_358' title='bbox 612 3672 686 3730; x_wconf 87' lang='lat' dir='ltr'>unde</span> <span class='ocrx_word' id='word_1_359' title='bbox 706 3692 783 3731; x_wconf 87' lang='lat' dir='ltr'>nunc</span> <span class='ocrx_word' id='word_1_360' title='bbox 797 3664 918 3750; x_wconf 83' lang='lat' dir='ltr'>agimus,</span> <span class='ocrx_word' id='word_1_361' title='bbox 934 3671 968 3729; x_wconf 90' lang='lat' dir='ltr'>ad</span> <span class='ocrx_word' id='word_1_362' title='bbox 983 3671 1047 3746; x_wconf 87' lang='lat' dir='ltr'>ipsa</span> <span class='ocrx_word' id='word_1_363' title='bbox 1060 3672 1127 3728; x_wconf 88' lang='lat' dir='ltr'>fidei</span> <span class='ocrx_word' id='word_1_364' title='bbox 1148 3675 1270 3751; x_wconf 87' lang='lat' dir='ltr'>pertinet</span> 
     </span>
     <span class='ocr_line' id='line_1_39' title="bbox 80 3765 1268 3847; baseline 0.007 -26"><span class='ocrx_word' id='word_1_365' title='bbox 80 3765 263 3827; x_wconf 73' lang='lat' dir='ltr'>fundamenta.</span> <span class='ocrx_word' id='word_1_366' title='bbox 306 3768 446 3840; x_wconf 85' lang='lat' dir='ltr'>Quisquis</span> <span class='ocrx_word' id='word_1_367' title='bbox 468 3769 498 3824; x_wconf 90' lang='lat' dir='ltr'>in</span> <span class='ocrx_word' id='word_1_368' title='bbox 515 3767 679 3825; x_wconf 83' lang='lat' dir='ltr'>Christiana</span> <span class='ocrx_word' id='word_1_369' title='bbox 700 3768 756 3824; x_wconf 89' lang='lat' dir='ltr'>fide</span> <span class='ocrx_word' id='word_1_370' title='bbox 771 3768 832 3826; x_wconf 90' lang='lat' dir='ltr'>vult</span> <span class='ocrx_word' id='word_1_371' title='bbox 850 3768 1017 3826; x_wconf 84' lang='lat' dir='ltr'>labefactare</span> <span class='ocrx_word' id='word_1_372' title='bbox 1039 3767 1115 3839; x_wconf 91' lang='lat' dir='ltr'>quod</span> <span class='ocrx_word' id='word_1_373' title='bbox 1129 3769 1268 3847; x_wconf 87' lang='lat' dir='ltr'>scriptum</span> 
     </span>
     <span class='ocr_line' id='line_1_40' title="bbox 78 3860 1269 3938; baseline 0.002 -20"><span class='ocrx_word' id='word_1_374' title='bbox 78 3871 125 3929; x_wconf 85' lang='lat' dir='ltr'>est,</span> <span class='ocrx_word' id='word_1_375' title='bbox 148 3864 228 3922; x_wconf 83' lang='lat' dir='ltr'>‘Per</span> <span class='ocrx_word' id='word_1_376' title='bbox 242 3861 389 3920; x_wconf 87' lang='lat' dir='ltr'>hominem</span> <span class='ocrx_word' id='word_1_377' title='bbox 413 3881 499 3929; x_wconf 89' lang='lat' dir='ltr'>mors,</span> <span class='ocrx_word' id='word_1_378' title='bbox 515 3871 543 3918; x_wconf 87' lang='lat' dir='ltr'>et</span> <span class='ocrx_word' id='word_1_379' title='bbox 564 3866 615 3938; x_wconf 88' lang='lat' dir='ltr'>per</span> <span class='ocrx_word' id='word_1_380' title='bbox 635 3860 783 3918; x_wconf 87' lang='lat' dir='ltr'>hominem</span> <span class='ocrx_word' id='word_1_381' title='bbox 805 3861 973 3920; x_wconf 88' lang='lat' dir='ltr'>resurreetio</span> <span class='ocrx_word' id='word_1_382' title='bbox 993 3871 1180 3932; x_wconf 87' lang='lat' dir='ltr'>mortuorum,</span> <span class='ocrx_word' id='word_1_383' title='bbox 1194 3863 1269 3920; x_wconf 82' lang='lat' dir='ltr'>sicut</span> 
     </span>
    </p>
   </div>
   <div class='ocr_carea' id='block_1_5' title="bbox 291 4135 1034 4452">
    <p class='ocr_par' dir='ltr' id='par_1_5' title="bbox 304 4135 694 4201">
     <span class='ocr_line' id='line_1_41' title="bbox 304 4135 694 4201; baseline 0.003 -18"><span class='ocrx_word' id='word_1_384' title='bbox 304 4137 348 4201; x_wconf 87' lang='lat'>(1)</span> <span class='ocrx_word' id='word_1_385' title='bbox 367 4136 443 4185; x_wconf 85' lang='lat' dir='ltr'>Hom.</span> <span class='ocrx_word' id='word_1_386' title='bbox 454 4151 480 4185; x_wconf 86' lang='lat' dir='ltr'>x.</span> <span class='ocrx_word' id='word_1_387' title='bbox 491 4135 519 4185; x_wconf 85' lang='lat' dir='ltr'>in</span> <span class='ocrx_word' id='word_1_388' title='bbox 529 4151 568 4200; x_wconf 82' lang='lat' dir='ltr'>ep.</span> <span class='ocrx_word' id='word_1_389' title='bbox 579 4135 611 4184; x_wconf 75' lang='lat' dir='ltr'>nd</span> <span class='ocrx_word' id='word_1_390' title='bbox 622 4135 694 4184; x_wconf 85' lang='lat' dir='ltr'>Rom.</span> 
     </span>
    </p>

    <p class='ocr_par' dir='ltr' id='par_1_6' title="bbox 303 4210 734 4279">
     <span class='ocr_line' id='line_1_42' title="bbox 303 4210 734 4279; baseline 0.005 -13"><span class='ocrx_word' id='word_1_391' title='bbox 303 4223 341 4279; x_wconf 67' lang='lat'>(2)</span> <span class='ocrx_word' id='word_1_392' title='bbox 358 4218 459 4268; x_wconf 84' lang='lat' dir='ltr'>ibidem.</span> <span class='ocrx_word' id='word_1_393' title='bbox 592 4210 595 4220; x_wconf 77' lang='lat'>&#39;</span> <span class='ocrx_word' id='word_1_394' title='bbox 732 4233 734 4236; x_wconf 85' lang='lat'>·</span> 
     </span>
    </p>

    <p class='ocr_par' dir='ltr' id='par_1_7' title="bbox 291 4301 1034 4452">
     <span class='ocr_line' id='line_1_43' title="bbox 299 4301 1034 4369; baseline 0.007 -20"><span class='ocrx_word' id='word_1_395' title='bbox 299 4302 344 4369; x_wconf 71' lang='grc'>(3)</span> <span class='ocrx_word' id='word_1_396' title='bbox 364 4303 430 4364; x_wconf 58' lang='lat' dir='ltr'>Aug</span> <span class='ocrx_word' id='word_1_397' title='bbox 441 4310 526 4352; x_wconf 79' lang='lat' dir='ltr'>contm</span> <span class='ocrx_word' id='word_1_398' title='bbox 536 4301 663 4352; x_wconf 76' lang='lat' dir='ltr'>tudanum</span> <span class='ocrx_word' id='word_1_399' title='bbox 672 4301 755 4364; x_wconf 79' lang='lat' dir='ltr'>Pelag.</span> <span class='ocrx_word' id='word_1_400' title='bbox 766 4303 783 4353; x_wconf 79' lang='lat' dir='ltr'>l.</span> <span class='ocrx_word' id='word_1_401' title='bbox 796 4304 818 4351; x_wconf 82' lang='lat' dir='ltr'>l.</span> <span class='ocrx_word' id='word_1_402' title='bbox 831 4317 857 4353; x_wconf 85' lang='lat' dir='ltr'>n.</span> <span class='ocrx_word' id='word_1_403' title='bbox 868 4304 910 4365; x_wconf 71' lang='lat'>22,</span> <span class='ocrx_word' id='word_1_404' title='bbox 922 4309 980 4353; x_wconf 76' lang='lat' dir='ltr'>tom.</span> <span class='ocrx_word' id='word_1_405' title='bbox 995 4306 1034 4354; x_wconf 89' lang='lat'>10.</span> 
     </span>
     <span class='ocr_line' id='line_1_44' title="bbox 291 4384 736 4452; baseline 0.002 -17"><span class='ocrx_word' id='word_1_406' title='bbox 291 4389 330 4450; x_wconf 79' lang='grc'>(4)</span> <span class='ocrx_word' id='word_1_407' title='bbox 349 4386 438 4452; x_wconf 78' lang='lat' dir='ltr'>Chrys.</span> <span class='ocrx_word' id='word_1_408' title='bbox 448 4386 515 4436; x_wconf 85' lang='lat' dir='ltr'>horn.</span> <span class='ocrx_word' id='word_1_409' title='bbox 526 4386 558 4436; x_wconf 85' lang='lat' dir='ltr'>iv.</span> <span class='ocrx_word' id='word_1_410' title='bbox 569 4387 596 4436; x_wconf 89' lang='lat' dir='ltr'>in</span> <span class='ocrx_word' id='word_1_411' title='bbox 610 4389 621 4434; x_wconf 91' lang='lat' dir='ltr'>l</span> <span class='ocrx_word' id='word_1_412' title='bbox 635 4386 667 4435; x_wconf 79' lang='lat' dir='ltr'>ad</span> <span class='ocrx_word' id='word_1_413' title='bbox 678 4384 736 4436; x_wconf 80' lang='lat' dir='ltr'>Gor.</span> 
     </span>
    </p>
   </div>
   <div class='ocr_carea' id='block_1_6' title="bbox 304 4471 624 4547">
    <p class='ocr_par' dir='ltr' id='par_1_8' title="bbox 304 4471 624 4547">
     <span class='ocr_line' id='line_1_45' title="bbox 304 4471 624 4547; baseline -0.003 -25"><span class='ocrx_word' id='word_1_414' title='bbox 304 4473 350 4547; x_wconf 76' lang='lat' dir='ltr'>(a)</span> <span class='ocrx_word' id='word_1_415' title='bbox 369 4472 418 4540; x_wconf 76' lang='lat' dir='ltr'>ilp-</span> <span class='ocrx_word' id='word_1_416' title='bbox 428 4473 462 4523; x_wconf 80' lang='lat' dir='ltr'>nd</span> <span class='ocrx_word' id='word_1_417' title='bbox 471 4471 624 4540; x_wconf 74' lang='lat' dir='ltr'>Olympiam.</span> 
     </span>
    </p>
   </div>
   <div class='ocr_carea' id='block_1_7' title="bbox 0 0 1376 5024">
    <p class='ocr_par' dir='ltr' id='par_1_9' title="bbox 0 0 1376 5024">
     <span class='ocr_line' id='line_1_46' title="bbox 0 0 1376 5024; baseline 0 7"><span class='ocrx_word' id='word_1_418' title='bbox 0 0 1376 5024; x_wconf 95' lang='lat' dir='ltr'> </span> 
     </span>
    </p>
   </div>
  </div>
 </body>
</html>
