2744 5024
41 196 49 211 ο
112 259 173 318 121
600 256 825 323 aerenum.

161 416 205 471 17.
231 413 365 472 Sentium
377 433 444 473 cum
465 414 595 492 Pelagio,
610 418 660 490 qui
680 417 792 484 (111111,
815 434 882 474 eree
902 416 1098 477 novennarium
1118 413 1161 483 ad,
1175 413 1314 473 rationem

114 509 221 582 meriti,
236 520 267 566 ιιι
280 509 367 572 homo
382 512 565 587 pergratiam
580 513 742 589 adoptionis
756 513 925 571 sublimetur
938 513 972 570 ad
986 522 1091 571 statum
1107 511 1256 570 deificum.

160 607 205 660 18.
227 604 323 680 Opera
345 606 635 677 Catachumenorum,
651 618 682 667 ut
700 608 828 676 tides-dr
842 609 1007 686 penitentia
1026 620 1091 666 ante
1112 607 1314 667 remissionem

117 710 298 775 peccatorum
313 700 396 771 lacta,
411 719 478 763 suut
497 707 562 764 rite
583 718 695 766 aeternae
717 707 870 775 meritoria,
885 724 970 779 quam
995 706 1082 764 vitam
1103 705 1162 781 ipsi
1175 722 1235 762 oon
1250 721 1316 761 con·

116 807 282 865 sequentur,
296 797 353 855 uisi
368 800 447 876 prius
461 800 682 877 precedentium
696 800 863 860 delictorum
877 800 1084 878 impedimenta
1098 800 1243 858 tollantur.
1350 847 1356 852 .

161 891 207 946 19.
229 889 326 967 Opera
341 893 471 970 jusutioe,
492 896 522 954 11
543 896 832 972 temperantiaque
853 895 987 953 Christus
1007 896 1084 962 tacit,
1109 912 1149 953 ex
1178 893 1316 971 dignime

119 1000 249 1059 persona
263 989 407 1062 operantis
421 1009 478 1049 non
493 1001 638 1050 traxemnt
651 992 787 1069 majorem
800 992 935 1050 valorem.
1024 1041 1028 1048 .

159 1083 208 1138 20.
231 1081 260 1138 N
264 1082 352 1143 ullum
367 1097 411 1144 est
424 1097 572 1162 peccatum
593 1107 631 1147 ex
651 1097 751 1146 natura
770 1106 824 1144 sua
843 1088 962 1156 reniale,
984 1086 1035 1144 sed
1058 1103 1146 1144 omne
1168 1092 1317 1162 peccatum

118 1184 242 1232 ureretur
255 1195 370 1253 paenam
384 1192 529 1240 aeternam.

159 1275 208 1327 21.
224 1272 366 1333 Humanae
376 1289 481 1337 naturae
492 1279 665 1346 sublimatio,
678 1279 848 1337 &exaltatio
856 1280 885 1337 in
897 1279 1072 1337 consortium
1084 1278 1318 1345 dirinaenaturae,

120 1363 214 1424 debita
227 1367 281 1426 suit
295 1371 447 1449 integritati
461 1375 561 1450 primae
582 1376 766 1444 conditionis,
781 1375 812 1433 11
826 1375 945 1453 proinde
967 1376 1101 1434 naturalis
1120 1374 1246 1434 dicenda
1261 1384 1318 1442 est,

122 1458 153 1518 11
167 1480 224 1520 ιιοιι
239 1469 472 1541 supernaturalis.

161 1563 210 1616 22.
233 1561 310 1621 Cum
325 1564 443 1642 Pelagio
456 1568 591 1636 sentiunt,
606 1569 657 1642 qui
672 1578 780 1628 textum
798 1569 932 1646 Apostoli
945 1567 980 1626 ad
1001 1568 1149 1626 Romanos
1159 1572 1190 1626 2.
1212 1566 1321 1626 Gentes

121 1669 187 1730 quar
200 1654 297 1734 legem
309 1678 370 1720 non
382 1662 500 1733 hahent,
515 1664 695 1724 naturaliter
706 1684 771 1744 qua
784 1664 862 1744 Iegis
870 1673 951 1734 runt,
956 1664 1092 1745 socium,
1107 1665 1272 1742 intelligtmt
1285 1663 1322 1722 de

122 1755 254 1828 gentibus
269 1756 335 1815 fidei
350 1761 467 1834 gratiam
482 1780 541 1820 non
552 1762 730 1822 habentibus.

162 1853 212 1906 23.
233 1852 364 1910 Absurda
377 1867 421 1913 est
434 1875 531 1915 eorum
553 1859 702 1925 sententia,
724 1860 774 1932 qui
795 1858 893 1917 dicunt
911 1858 1057 1916 hominem
1079 1857 1114 1915 ab
1128 1857 1223 1924 initio,
1244 1854 1323 1914 done

124 1942 248 2014 quodam
264 1952 481 2024 supernaturali,
496 1953 526 2011 11
547 1955 678 2029 gratuito,
701 1973 787 2030 supra
807 1954 1000 2012 conditionem
1020 1963 1127 2012 nature
1148 1971 1208 2012 sure
1231 1951 1322 2011 fuisse

95 2063 98 2068 ’
122 2038 288 2108 exaltatum,
300 2053 332 2100 ut
342 2045 408 2113 fide,
423 2066 486 2124 spe,
501 2048 531 2105 11
545 2049 679 2107 charitate
693 2049 787 2108 Deum
803 2049 1051 2126 supernaturaliter
1063 2049 1179 2107 coleret.

163 2137 214 2192 ut.
229 2137 256 2192 Α
266 2140 385 2200 vanis&
395 2144 678 2214 otiosishominibus,
689 2145 866 2204 secundum
858 2146 1052 2223 insipientiam
1064 2143 1323 2220 Philosophorum,

91 2251 94 2257 ¹
122 2230 282 2305 excogitata
296 2245 340 2293 est
352 2240 502 2308 111111ιί1,
522 2259 586 2314 qua
607 2240 642 2300 ad
663 2241 905 2318 Pelagianismum
929 2239 1084 2336 rejicienda
1103 2248 1158 2307 est,
1171 2238 1324 2298 hominen

118 2320 188 2383 ab'
179 2325 262 2382 rnitio
282 2329 325 2385 sic
345 2334 539 2401 constitutum,
555 2345 588 2395 ut
597 2354 649 2411 per
661 2336 736 2394 dona
749 2345 855 2394 natura
875 2315 1068 2413 superaddita,
1088 2334 1174 2393 suerit
1192 2335 1326 2412 largitate

124 2415 279 2476 conditoris
292 2423 460 2484 sublimatus
476 2428 527 2485 11
520 2448 549 2486 ιιι
562 2429 618 2487 Dei
632 2431 724 2488 filium
736 2430 896 2507 adoptatus.

164 2514 214 2568 25.
236 2512 342 2575 Omnia
364 2537 452 2595 opera
472 2522 630 2583 infidelium
650 2535 718 2583 runt
737 2535 861 2602 peccata,
884 2526 914 2583 11
935 2525 1178 2650 Philosophorum
1203 2527 1326 2583 virtutes

124 2619 191 2663 sunt
205 2611 281 2669 111113

166 2691 215 2743 26.
238 2689 386 2768 Integritas
402 2699 501 2770 priniae
516 2701 666 2757 creationis
681 2719 739 2758 nou
754 2700 806 2759 suit
816 2700 941 2758 indebita
951 2701 1082 2758 humanae
1097 2710 1203 2756 naturae
1218 2699 1327 2756 exalta·

124 2779 174 2848 tio,
189 2785 240 2842 sed
251 2792 384 2848 naturalis
399 2794 460 2869 ejus
475 2796 610 2853 conditio.

167 2884 216 2938 27.
238 2884 373 2944 Liberum
387 2891 532 2949 arbitrium
544 2893 606 2950 sine
620 2893 716 2970 gratiae
731 2893 787 2951 Dei
809 2894 947 2971 adjutorio
968 2893 1083 2952 nonnisi
1095 2890 1128 2949 ad
1144 2889 1325 2967 peccandum

124 2977 208 3036 valet.

166 3082 215 3134 28.
238 3080 408 3158 Pelagianos
423 3097 467 3144 est
480 3105 558 3145 error
571 3087 665 3146 dicere
680 3089 756 3162 quod
771 3090 891 3148 liberum
916 3088 1061 3146 arbitrium
1076 3087 1150 3144 valet
1175 3085 1213 3142 ad
1233 3085 1325 3143 ullum

125 3189 271 3248 peccatum
289 3183 443 3242 vitandum.

167 3276 215 3327 29.
239 3276 307 3332 Non
320 3280 374 3334 soli
395 3280 472 3337 sures
494 3285 513 3339 ii
536 3295 611 3351 sunt,
627 3285 656 3341 11
670 3285 804 3348 latrones,
821 3283 870 3353 qui
886 3281 1048 3348 Christum,
1063 3281 1149 3346 viam,
1172 3280 1202 3336 11
1217 3279 1324 3337 ostium

127 3367 251 3425 veritatis
267 3371 296 3428 11
311 3374 376 3431 vitm
389 3390 511 3453 negant:
534 3381 584 3438 sed
599 3383 684 3439 etiam
698 3382 871 3453 quicumque
886 3379 1010 3446 aliunde,
1021 3397 1106 3451 quam
1118 3395 1171 3452 per
1182 3377 1279 3453 ipsum
1294 3376 1323 3433 iu

128 3464 201 3523 viani
213 3468 331 3542 justitiae
347 3471 414 3550 (hoc
428 3487 481 3542 est,
497 3477 530 3533 ad
546 3479 670 3551 aliquam
680 3476 835 3554 justitiam)
850 3475 1004 3533 conscendi
1015 3493 1100 3550 posse
1115 3474 1231 3531 docent.

167 3566 215 3621 30.
238 3568 295 3624 Aut
310 3571 456 3628 tentationi
471 3573 530 3639 ulli,
546 3575 608 3630 sine
619 3574 715 3650 gratiae
730 3572 821 3647 ipsius
846 3569 996 3647 adjutorio,
1018 3571 1149 3627 resistere
1170 3569 1319 3627 hominem

128 3662 279 3732 possesio
293 3664 366 3721 utin
381 3683 444 3722 eam
459 3685 515 3724 non
530 3667 686 3736 inducatur,
702 3676 750 3724 aut
760 3667 794 3723 ab
808 3683 842 3722 ea
854 3684 910 3724 non
925 3675 1082 3742 superetur.

168 3758 217 3810 31.
240 3756 373 3814 Charitas
386 3760 510 3833 perfecta
524 3763 553 3820 11
568 3763 687 3829 sincera,
702 3780 765 3835 quar
787 3770 881 3818 estex
901 3759 986 3818 corde
1007 3777 1078 3835 puro
1104 3757 1134 3814 11
1148 3757 1324 3815 conscientia

129 3851 212 3918 bona,
229 3853 258 3909 11
274 3854 328 3910 fide
343 3875 400 3913 non
415 3857 490 3925 ficta,
507 3860 603 3918 tamin
618 3858 851 3924 Catechumenis,
867 3875 953 3930 quam
968 3856 998 3913 iu
1012 3855 1216 3932 poenitentibus
1230 3862 1325 3930 potest

127 3964 192 4005 esse
207 3948 269 4006 sine
283 3952 450 4009 remissione
465 3965 655 4029 peccatorum.

169 4046 217 4098 32.
240 4043 371 4101 Charitas
397 4047 453 4114 illa,
469 4058 593 4119 quaeest
617 4047 763 4125 plenitudo
782 4047 865 4124 legis,
887 4065 944 4105 non
973 4054 1017 4103 est
1035 4062 1150 4121 semper
1171 4045 1324 4122 conjuncta

122 4155 193 4213 oum
207 4139 375 4196 remissione
390 4150 580 4214 peccatorum.

168 4240 217 4292 33.
241 4236 472 4295 catechumenus
482 4240 571 4314 juste,
585 4249 670 4306 recte,
684 4239 820 4296 &sancte
835 4239 913 4306 vivit,
926 4238 955 4296 11
967 4235 1099 4295 mandata
1110 4234 1167 4292 Dei
1179 4235 1319 4300 observat,

128 4351 161 4388 ac
175 4333 267 4408 legem
283 4334 383 4409 implet
396 4353 446 4409 per
466 4335 640 4415 charitatem,
662 4347 725 4395 ante
746 4336 888 4394 obtentam
910 4334 1108 4392 remissionem
1129 4341 1319 4407 peccatorum,

130 4445 193 4498 qum
208 4427 237 4482 in
252 4427 393 4503 Baptismi
406 4429 517 4487 lavacro
528 4429 644 4487 demum
658 4431 822 4506 percipitur.
921 4466 933 4487 a
962 4482 965 4489 ,

169 4524 218 4580 st.
241 4521 394 4581 Distinctio
409 4524 456 4583 illa
469 4523 591 4605 duplicis
606 4527 720 4594 amoris,
734 4526 868 4585 naturalis
882 4524 1022 4593 videlicet,
1035 4542 1093 4598 quo
1106 4522 1189 4581 Deus
1203 4532 1317 4603 amatur,
