2744 5024
780 78 802 113 Ϊ

81 272 141 331 248
346 266 404 329 DE
424 266 717 330 PBCCATORUH
735 266 1009 331 mundns.

123 428 190 484 149.
214 424 283 504 ouj.
296 431 327 485 7.
342 424 438 485 Deum
452 425 573 485 dedecet
582 427 764 484 innocentem
778 427 899 504 proreir
911 427 1026 504 punire,
1041 427 1196 505 presertim
1210 427 1263 489 md

82 521 172 579 tilium
186 539 270 579 suum
285 519 515 587 dilectissimum,
527 522 578 594 qui
591 522 617 578 si
628 533 657 578 et
667 520 749 579 Deus
759 522 823 598 ipse
836 522 984 591 habeatur,
995 523 1155 600 Paterejus
1168 523 1253 600 irim'sr

79 617 185 676 dirius
199 619 341 694 majestati
355 618 440 675 illato
455 636 521 675 reus
535 620 600 695 ipse
612 619 677 687 erit,
691 619 741 691 qui
755 619 847 677 voluit
857 619 1008 679 hominem
1020 620 1125 679 redimi
1138 619 1248 678 sudariis

80 712 268 774 conditione.¹
307 715 372 775 lsx
396 718 460 792 ipss
484 716 619 775 naturalis
639 716 829 790 ommunqns
852 718 983 794 gentium
1004 719 1074 795 jura
1097 718 1243 775 msceres

79 819 176 867 retem
188 809 292 868 occidi.

121 911 189 965 1110.
210 907 300 987 Rerp.
322 909 509 968 lnuooentem
520 909 641 967 inritum
654 926 708 986 pro
721 909 778 967 reis
792 909 894 985 punire
904 926 1020 967 summa
1029 919 1109 967 esset
1120 908 1240 984 injustiis:

79 1004 213 1080 impietus
227 1014 322 1063 autem
336 1006 410 1065 soret
422 1006 548 1065 divinam
562 1023 725 1081 personam,
739 1007 825 1063 etism
848 1006 879 1062 in
892 1016 1043 1082 resumpta
1061 1015 1166 1071 namn,
1176 1002 1241 1080 penit

80 1101 205 1169 allicere,
217 1104 274 1160 nisi
283 1102 487 1161 snr'voluntate
497 1103 585 1160 essin
596 1120 628 1159 se
639 1103 824 1177 suscepisset.
839 1100 984 1160 Ceterum
995 1101 1074 1175 quod
1082 1098 1242 1159 innocsndsi

77 1215 145 1254 mus
158 1208 188 1254 ct
199 1198 397 1254 sanctissimus
411 1197 468 1253 Dei
481 1197 585 1263 Filius,
600 1197 681 1255 Deus
695 1210 723 1254 et
737 1198 812 1273 ipse,
824 1206 1009 1273 peeestorom
1021 1215 1076 1256 sus
1088 1204 1173 1255 morte
1182 1193 1242 1252 lust
1254 1214 1266 1267 ᾖ

77 1309 188 1367 peenas,
198 1292 336 1349 eximium
346 1302 391 1348 est
400 1291 512 1367 pictatis
521 1303 551 1348 et
561 1292 765 1349 misericordie
776 1291 879 1350 dirinae
888 1301 1099 1368 argumentum,
1108 1289 1177 1364 quod
1185 1304 1241 1347 rtu-

77 1404 163 1458 qusm
173 1386 242 1443 satis
253 1387 349 1444 mirari
360 1404 526 1462 possumus.
549 1386 771 1445 “Commendat
781 1398 876 1445 autem
887 1388 1054 1445 charitatem
1065 1383 1240 1453 manmit
1263 1398 1266 1403 '

76 1484 160 1541 uobis
171 1503 178 1539 :
195 1484 330 1555 quoniam
341 1502 407 1541 oum
419 1482 512 1541 odium
523 1496 687 1560 peccatores
694 1502 825 1541 essemus
836 1484 995 1541 seeundum
1006 1495 1130 1560 tempus,
1140 1481 1240 1539 carno

77 1596 130 1655 pro
144 1579 228 1636 nobis
243 1590 372 1636 mortuus
386 1579 476 1637 est.”¹
535 1580 621 1647 Quod
646 1581 738 1646 Deus,
752 1580 870 1638 nonuim
882 1581 929 1637 sui
948 1580 1016 1638 Filii
1031 1579 1189 1637 cruciatibus
1201 1573 1240 1651 plr-

77 1673 280 1742 retinuissent,
295 1675 436 1734 infinitam
450 1676 513 1752 ejus
524 1676 664 1751 justitiam
679 1686 709 1732 et
718 1675 896 1750 majestatem
907 1675 1042 1743 ostendit,
1054 1685 1084 1731 et
1096 1672 1190 1750 peceati
1198 1687 1240 1746 pt·

77 1771 205 1828 vitatem.
237 1772 351 1831 Manet
360 1771 446 1848 igitur
458 1772 548 1829 illesa
559 1770 608 1828 lex
621 1780 746 1827 namrae:
768 1787 822 1826 nec
834 1771 949 1828 obstant
961 1770 1091 1846 gentium
1101 1771 1169 1845 jum·
1176 1765 1240 1841 111111

77 1867 154 1924 enim
169 1866 204 1925 de
217 1886 247 1925 re
268 1877 369 1943 praeter
389 1885 483 1925 rerum
498 1866 638 1933 ordinem,
653 1877 681 1923 et
694 1883 732 1922 ex
752 1865 896 1923 voluntate
909 1865 999 1923 libera
1017 1866 1111 1942 ipsius
1129 1861 1186 1922 Filii
1196 1874 1240 1936 pru

79 1963 170 2020 lecta:
193 1972 213 2000 “
222 1964 335 2021 oblatus
348 1963 474 2035 estquis
487 1964 550 2038 ipse
565 1960 701 2020 voluit.”⁸

121 2062 189 2115 151.
215 2056 282 2136 Obj.
298 2063 326 2115 8.
343 2058 392 2116 Ab
406 2056 573 2133 hujusmodi
584 2056 727 2133 dogmate,
738 2056 774 2113 de
786 2055 850 2114 Deo
864 2055 971 2114 Filium
984 2055 1113 2113 snumob
1126 2052 1239 2112 humum

77 2165 193 2230 peccata
218 2155 303 2212 morti
327 2153 464 2223 tradente,
491 2154 623 2211 abhorret
644 2155 713 2211 ratio
734 2171 894 2225 sensusque
918 2153 1081 2211 humanus:
1103 2171 1164 2211 nam
1185 2149 1238 2207 Deus

76 2261 173 2306 auctor
188 2249 260 2306 soret
274 2248 390 2306 sceleris
405 2250 534 2311 maximi.
550 2267 608 2320 quo
622 2263 697 2306 certe
713 2248 817 2324 placari
831 2267 889 2305 non
899 2260 1009 2324 posset,
1018 2266 1107 2320 quum
1126 2247 1238 2320 longou-

75 2352 186 2421 peraret
200 2356 301 2402 cetera
321 2347 419 2403 omnia
441 2346 591 2403 hominurn
613 2347 742 2403 erimina.
784 2346 865 2422 Ergo
887 2346 1016 2404 maximo
1037 2365 1104 2403 oum
1123 2335 1239 2419 morli

75 2441 234 2516 majestatis
248 2439 352 2498 divine
366 2441 424 2499 Dei
437 2441 529 2499 Filius
544 2453 694 2517 pateretur,
710 2442 863 2500 nullarum
877 2442 1028 2501 hominum
1042 2442 1166 2507 utilitate,
1177 2447 1239 2510 quum

76 2539 117 2596 ira
128 2537 183 2595 Dei
199 2538 227 2595 in
242 2555 292 2596 eos
306 2538 398 2614 magis
410 2537 618 2596 accenderetur.

120 2638 186 2690 152.
208 2633 297 2712 Hesp.
320 2634 471 2692 Rationem
492 2634 625 2706 equidem
651 2653 754 2709 magno
780 2649 895 2709 superat
917 2634 1065 2692 intervallo
1090 2621 1241 2690 doetrinadt

78 2724 153 2788 Filio
168 2728 224 2786 Dei
239 2738 360 2788 mortem
375 2730 411 2787 ob
426 2729 574 2787 hominum
591 2740 706 2804 peccata
720 2732 851 2786 obeunte.
885 2729 1030 2786 Caeterum
1045 2724 1243 2804 perspicuumst

78 2845 223 2885 sacrorum
238 2828 407 2903 scriptorum
422 2826 516 2894 effata,
529 2838 558 2883 et
570 2841 703 2883 constans
716 2827 854 2882 Ecclesiae
869 2826 952 2892 fides,
967 2825 1038 2882 adeo
1049 2837 1081 2883 ut
1091 2825 1125 2882 de
1135 2842 1167 2881 ea
1176 2815 1244 2878 nult!

78 2924 115 2978 sit
141 2923 255 2980 relictus
278 2921 424 2978 dubitandi
442 2923 533 2980 loeus.
577 2923 641 2978 Nec
656 2935 749 2977 tamen
772 2921 837 2979 ideo
857 2920 995 2978 dicendus
1010 2931 1055 2978 est
1068 2921 1136 2977 tanti
1156 2907 1246 2975 scelus

78 3026 184 3082 auctor,
200 3018 330 3087 quamvis
357 3016 504 3075 “definito
526 3018 646 3074 consilio
667 3028 696 3073 et
716 3018 893 3092 praescientia
913 3016 969 3073 Dei
991 3015 1144 3074 traditum'’
1165 3009 1246 3072 Filium

78 3129 233 3186 agnoscere
248 3123 395 3186 oporteat:
418 3113 539 3170 sednon
553 3115 666 3188 impulit
681 3115 761 3170 Deus
773 3113 901 3178 ludaeos,
911 3115 1041 3183 quamvis
1054 3111 1248 3188 presidemus

78 3208 148 3265 illud
163 3217 319 3282 patraturos
340 3209 476 3282 objecerit
489 3211 544 3266 illis
560 3212 654 3284 ipsum
670 3210 885 3268 dilectissimum
904 3210 1022 3276 Filium,
1037 3211 1087 3281 qui
1107 3228 1159 3267 sua
1171 3204 1250 3284 sp⁰¹¹¹⁰

79 3310 168 3358 tantas
183 3302 212 3356 in
234 3319 265 3356 se
288 3302 415 3377 suscepit
435 3320 544 3376 peenas.
588 3305 702 3361 Scelere
727 3305 903 3371 ludaeorum,
927 3304 1004 3376 quod
1025 3323 1095 3362 sane
1118 3302 1255 3363 maximum

80 3406 147 3464 erat,
164 3396 288 3473 placatus
311 3410 434 3455 nonest
458 3397 549 3465 Deus,
571 3399 621 3457 sed
642 3402 733 3476 magis
756 3402 789 3457 ad
811 3401 881 3457 iram
896 3418 1044 3467 aecensus,
1067 3402 1150 3477 eujus
1171 3381 1259 3458 indit¹1⁸

80 3494 186 3551 eversis
201 3493 279 3550 brevi
302 3493 515 3571 Hierosolymis
530 3494 683 3563 detersum,
698 3506 726 3552 et
746 3495 838 3551 adhuc
859 3506 975 3553 manent
988 3496 1109 3571 vestigia
1127 3499 1158 3554 in
1177 3490 1264 3580 cornil

81 3591 202 3666 posteris
226 3609 277 3666 per
290 3591 389 3648 orbem
410 3591 562 3668 dispersis:
586 3591 638 3649 sed
658 3593 724 3648 Filii
745 3590 915 3658 obedientis,
937 3601 966 3647 et
987 3590 1122 3665 patientis
1142 3592 1171 3650 in
1192 3582 1270 3648 tunm

80 3684 233 3742 tolerandis
249 3684 398 3759 suppliciis
419 3686 546 3760 placatus
561 3696 605 3742 est
617 3686 709 3751 Pater,
726 3704 849 3757 eumque
864 3685 1063 3761 deprecantem
1080 3686 1110 3743 in
1124 3705 1209 3744 eruce
1228 3675 1278 3760 ΡΨ,

82 3779 153 3853 ipsis
169 3778 217 3849 qui
232 3795 297 3835 eum
312 3779 438 3853 patibulo
453 3780 604 3837 affixerunt
617 3779 770 3836 exaudivit.
812 3779 865 3836 Illa
885 3778 1111 3854 profundissima
1130 3781 1199 3838 Filii
1222 3761 1284 3828 9⁰¹

40 3898 43 3903 f
82 3871 241 3929 humiliatio
257 3873 363 3944 absque
378 3872 481 3931 divinae
496 3875 650 3948 majestatis
666 3872 833 3930 detrimento
854 3873 989 3949 contigit3
1012 3892 1078 3933 nam
1098 3873 1195 3932 divina
1216 3854 1287 3953 811ε

83 3978 181 4022 natura
202 3967 306 4022 mansit
329 3966 428 4034 illaesa,
450 3968 531 4042 cujus
546 3969 671 4024 maxima
691 3966 755 4023 data
768 3977 835 4023 sunt
855 3975 1030 4041 argumenta,
1055 3967 1144 4025 etiam
1163 3966 1243 4027 duat!
1262 3949 1287 3998 ¹¹

82 4060 208 4117 humana
221 4068 320 4115 natura
334 4059 467 4117 Christus
481 4071 639 4135 pateretur:
663 4047 733 4117 adeo
750 4070 779 4116 ut
800 4061 926 4117 centurio
947 4061 1052 4133 aliique
1073 4062 1209 4121 custodes
1238 4045 1287 4102 θ’

84 4155 254 4212 clamarent:
278 4162 298 4189 “
308 4154 385 4210 Vere
399 4154 489 4211 Filius
505 4154 561 4211 Dei
575 4165 635 4211 erat
648 4155 748 4213 iste.”⁴
769 4155 838 4212 inde
853 4165 947 4213 sutem
961 4156 1088 4215 maxima
1102 4158 1133 4216 in
1146 4143 1287 4218 homi1¹e

84 4250 208 4308 derivata
222 4248 385 4325 sumbone,
400 4249 441 4306 irs
455 4247 512 4306 Dei
526 4250 555 4306 iu
569 4249 587 4306 J
590 4249 687 4307 udaeos
701 4252 856 4326 praesertim
872 4269 1000 4309 accense.

119 4383 156 4441 (1)
174 4378 304 4429 numm
315 4376 674 4443 Mnceusny.v01.iii.p.1su.
692 4377 776 4440 runa,
787 4377 882 4440 assor
895 4378 1188 4446 nesonprpsgsso.
1252 4369 1260 4379 '

118 4463 154 4519 (2)
173 4462 244 4509 Rom.
255 4476 279 4509 s.
296 4463 320 4510 8.

96 4562 99 4567 -
121 4545 162 4610 (3)
181 4544 249 4592 mas
260 4543 303 4592 nn
316 4548 339 4594 r.

119 4627 156 4686 (4)
174 4625 245 4676 Mctt
256 4627 381 4679 mildi.
