2744 5024
74 246 115 304 58
463 238 521 300 DE
543 237 715 298 HOMINE
735 236 878 298 tapso,

76 388 227 460 admisisti
241 380 245 388 ⁸
267 399 302 457 Si
315 398 394 458 enim
407 397 577 458 necessitate
591 395 744 472 impulsor,
758 403 889 474 stuprum
903 392 1024 464 imm,
1038 413 1090 453 cur
1109 394 1239 472 gehenna

76 505 189 574 pararet
202 498 283 557 Deus
295 495 344 553 1”ι

60 619 68 633 ·
119 594 186 648 too.
208 590 428 648 Hmnourrrus:
465 587 592 646 “Liberi
613 585 720 644 arbitrii
740 603 794 643 nos
814 585 943 645 condidit
963 584 1056 653 Deus,
1082 604 1137 644 nec
1156 584 1192 643 ad
1213 585 1239 644 ri

77 693 162 753 tutes,
177 704 231 743 nec
244 685 280 743 ad
295 685 362 743 vitia
376 684 545 742 necessitate
560 682 708 740 trahimur.
748 681 887 754 Alioquin
905 681 956 744 ubi
975 681 1133 740 necessitas
1147 691 1201 748 ert,
1215 699 1239 740 tu

78 777 221 840 damnatio
236 800 289 839 nec
302 799 406 838 corona
420 779 510 837 est.”⁸
550 779 647 844 Quum
661 777 708 833 his
722 777 816 835 serbis
830 778 1011 835 abuterentur
1023 777 1184 854 Pelagium,
1195 794 1239 835 ιιι

79 877 236 936 totocorde
256 878 389 954 amplecti
410 876 581 953 significavit
594 875 799 941 Anousmrrus,
815 874 910 950 gratio
930 874 1038 931 auxilio
1048 892 1124 950 opus
1137 892 1202 932 esse
1214 892 1239 932 ar

80 971 278 1031 madvertens:
295 973 398 1038 “Quis
411 991 468 1029 non
478 970 633 1047 agnoscat?
647 970 713 1042 quis
722 987 778 1026 non
791 967 944 1026 totocorde
955 968 1107 1044 suscipiat?
1121 968 1239 1041 quisalit

81 1070 225 1126 conditam
239 1069 390 1127 humanam
407 1078 491 1145 neget
499 1086 564 1125 esse
579 1065 763 1124 naturaml”⁸
792 1064 871 1123 Alibi
884 1065 971 1123 dicit:
989 1074 1008 1102 “
1020 1065 1239 1125 Revelavitautt

81 1167 164 1223 nobis
177 1165 293 1241 (Deus)
309 1185 360 1242 per
374 1167 535 1242 Scripturas
549 1174 660 1221 sanctas
675 1181 739 1220 esse
753 1163 783 1220 in
795 1163 912 1220 homine
923 1163 1045 1221 liberum
1060 1163 1214 1221 voluntatis
1232 1181 1239 1220 ι

82 1261 245 1323 bitrium.”⁴¹

125 1358 192 1412 tot.
215 1355 246 1411 S.
262 1355 401 1413 Prosper
415 1375 423 1412 t
444 1355 535 1422 “Qui
549 1353 627 1421 dicit,
643 1353 721 1426 qnod
733 1355 853 1412 liberum
868 1353 1013 1411 arbitrium
1027 1355 1058 1411 in
1072 1351 1239 1412 homine-ui]

83 1448 121 1506 sit
142 1490 150 1506 .
173 1491 180 1506 .
204 1491 212 1506 .
235 1492 242 1507 .
266 1469 323 1507 non
337 1462 381 1508 est
395 1449 609 1509 Catholieus.”⁵

127 1550 194 1605 162.
217 1548 249 1604 S.
265 1547 393 1605 Tnouas
403 1549 564 1612 Assuras:
608 1547 759 1612 “Quidam
775 1556 941 1621 posuemnt,
954 1545 1031 1618 quod
1045 1547 1177 1604 voluntas
1188 1546 1239 1604 lion

85 1643 130 1699 nis
145 1661 182 1699 ex
202 1644 371 1700 necessitate
393 1655 539 1700 moveatur
560 1643 594 1699 ad
616 1641 724 1714 aliquid
746 1641 928 1717 eligendum
950 1659 1008 1698 non
1022 1651 1118 1699 tamen
1139 1642 1239 1718 ponebt

86 1737 163 1810 quod
179 1739 308 1796 voluntas
323 1751 491 1816 cogeretur:
510 1758 566 1796 non
582 1739 658 1795 eninr
674 1756 759 1795 omne
774 1737 966 1795 necessarium
988 1746 1033 1794 est
1047 1737 1239 1805 violentum,r

87 1833 181 1890 solnm
197 1834 236 1902 id,
252 1836 335 1911 cnjus
350 1835 522 1912 principium
539 1845 583 1891 est
597 1843 687 1899 extra,
706 1832 782 1891 unde
797 1842 825 1889 et
838 1843 932 1890 motus
946 1833 1085 1890 naturales
1100 1833 1239 1891 inveniun

87 1929 174 2001 aliqui
190 1932 354 1998 necessarii,
369 1950 426 1989 non
442 1942 535 1988 tamen
552 1930 686 1996 violenti3
710 1970 718 1985 .
741 1969 749 1985 .
772 1969 780 1986 .
804 1970 811 1985 .
835 1928 907 1985 Haec
918 1937 1013 1984 autem
1024 1929 1124 2004 opinio
1138 1938 1184 1986 est
1196 1930 1239 1986 hae

88 2025 143 2080 tica
156 2044 163 2080 :
187 2026 258 2081 tollit
273 2027 348 2081 enirn
362 2028 501 2082 rationem
517 2025 609 2081 meriti
623 2034 652 2079 et
666 2022 798 2090 demeriti
810 2023 985 2080 inhumanis
1000 2025 1172 2082 actionibus.
1215 2026 1239 2084 N

88 2118 165 2173 enim
181 2117 368 2174 videturesse
383 2119 569 2183 meritorium,
584 2117 628 2173 vel
642 2117 864 2185 demeritorium,
875 2118 950 2191 quod
964 2118 1066 2191 aliquis
1078 2121 1121 2176 sic
1135 2138 1172 2178 ex
1187 2139 1239 2178 nec

89 2213 171 2268 sitate
185 2214 252 2287 agit,
267 2214 343 2286 quod
358 2215 445 2271 vitare
459 2234 516 2272 non
529 2215 629 2290 possit.
663 2215 719 2271 Est
732 2216 816 2271 etiam
831 2214 1042 2272 annumeranda
1052 2216 1127 2272 inter
1137 2226 1239 2276 extrau

89 2307 280 2384 philosophiae
306 2311 466 2387 opiniones,
482 2311 549 2383 quia
570 2330 629 2367 non
651 2311 745 2367 solum
768 2311 952 2368 contrariatur
975 2306 1052 2378 fidei,
1074 2311 1126 2368 sed
1148 2314 1239 2372 subse

89 2405 188 2462 omnia
199 2405 341 2482 principia
354 2407 544 2484 philosophiae
560 2407 685 2464 moralis.
728 2407 759 2463 st
774 2407 852 2464 enim
867 2425 923 2464 non
938 2407 976 2464 sit
988 2407 1108 2466 liberum
1123 2410 1237 2484 aliquid

90 2502 183 2567 uobis,
199 2502 250 2559 sed
265 2522 301 2560 ex
322 2505 490 2562 necessitate
513 2524 661 2561 movemur
681 2503 715 2560 ad
731 2491 895 2567 volendum,
917 2503 1024 2561 tollitur
1043 2504 1225 2576 deliberatio,

90 2597 222 2667 hortatio,
238 2614 421 2678 praeceptum,
437 2612 466 2658 et
487 2603 607 2678 punitio,
622 2612 650 2657 et
669 2601 731 2657 laus
748 2610 777 2656 et
790 2601 971 2676 vituperium,
987 2601 1061 2657 circa
1081 2621 1147 2674 quae
1169 2623 1239 2663 mon

92 2696 276 2773 philosophia
296 2698 472 2756 consistit.''⁰
511 2699 551 2756 Et
565 2698 653 2754 alias:
678 2698 826 2768 “Absque
840 2698 919 2753 omni
941 2696 1113 2756 dubitatione
1139 2699 1239 2760 homin

92 2794 206 2851 arbitrio
227 2796 347 2852 liberum
369 2815 475 2872 ponere
496 2805 615 2871 oportet.
658 2793 702 2850 Ad
728 2793 782 2850 hoc
794 2794 871 2850 enim
885 2792 956 2850 fidos
971 2793 1129 2870 adstringit,
1145 2815 1239 2856 cums

92 2890 183 2949 libero
198 2894 311 2950 arbitrio
332 2913 390 2951 non
413 2895 504 2970 possit
524 2911 588 2948 esse
610 2892 752 2958 meritum,
767 2889 814 2946 vel
833 2889 1014 2959 demeritum,
1032 2891 1112 2967 justa
1131 2911 1232 2970 poena,

93 2987 288 3061 praemium.”⁷

138 3086 204 3143 163.
227 3081 380 3138 Probatur
395 3079 456 3139 III.
473 3099 509 3138 es
523 3080 649 3139 domani
669 3081 788 3158 generis
807 3098 971 3140 consensu:
992 3084 1121 3154 quamvis
1137 3086 1239 3145 enimt

97 3178 147 3249 qui
162 3178 257 3253 pravis
276 3179 424 3254 principiis
440 3179 551 3245 imbuti,
566 3179 723 3236 libertatem
738 3189 852 3254 negent,
868 3180 994 3236 universi
1008 3180 1065 3238 sere
1079 3182 1216 3241 homines
1231 3203 1239 3241 t

96 3285 275 3349 agnoscunt:
298 3275 424 3331 sentiunt
437 3275 544 3350 quippe
559 3276 667 3346 absque
681 3294 714 3331 ea
729 3277 839 3351 peccari
854 3296 912 3333 non
935 3288 1038 3351 posse:
1059 3288 1078 3314 ‘⁶
1091 3279 1239 3340 Etiam-ne

96 3368 160 3426 libri
175 3370 288 3426 obscuri
304 3369 461 3455 (inquiebat
474 3372 663 3446 Augustintm,
680 3372 851 3428 Manicltaeis
866 3372 1057 3451 respondens)
1074 3375 1146 3432 milti
1166 3395 1239 3436 scru*

100 3464 131 3522 di
144 3475 233 3532 erant,
248 3465 323 3523 unde
338 3465 488 3534 discerem,
503 3467 647 3524 neminem
669 3467 876 3542 vituperatione
896 3468 1075 3544 suppliciove
1096 3469 1231 3546 dignum,

98 3573 147 3620 aut
161 3561 189 3619 id
205 3562 271 3619 velit
284 3563 362 3635 quod
371 3563 482 3640 justitia
496 3563 569 3620 velle
583 3583 642 3621 non
663 3563 805 3638 prohibet,
821 3573 868 3620 aut
888 3564 924 3621 id'
933 3583 989 3621 non
1011 3565 1095 3622 faciat
1108 3567 1187 3638 quod
1201 3569 1239 3627 sar

98 3670 156 3715 non
171 3659 285 3732 potest?
328 3658 434 3715 Nonne
448 3659 503 3714 ista
522 3665 637 3714 cantant
656 3667 684 3713 et
708 3658 738 3713 in
758 3659 901 3715 montibus
925 3672 1063 3735 pastores,
1078 3672 1107 3718 et
1126 3663 1156 3720 in
1179 3664 1239 3723 thes

99 3744 201 3828 poetae,
217 3764 245 3809 et
259 3752 365 3811 indocti
379 3754 409 3810 in
421 3754 547 3821 circulis,
562 3763 592 3810 et
604 3754 679 3812 docti
693 3755 723 3811 in
737 3754 927 3823 bibliothecis,
942 3768 971 3813 et
985 3758 1112 3834 magistri
1126 3759 1157 3816 in
1171 3761 1239 3821 schc

100 3858 129 3907 et
142 3849 280 3908 antistites
295 3851 324 3908 in
339 3851 454 3909 sacratis
469 3851 551 3919 locis,
567 3861 595 3908 et
608 3851 639 3908 in
652 3853 720 3908 orbe
736 3861 871 3909 terrarum
886 3871 977 3930 genus
992 3855 1205 3916 humanuml'’⁸

399 4010 437 4069 tl)
455 4006 604 4056 Onthechesi
615 4007 648 4055 iv.

396 4096 434 4151 (2)
452 4091 481 4141 L.
493 4092 546 4140 adv.
557 4091 681 4140 lovinion.
691 4107 716 4141 ιι.
729 4095 752 4140 3.
761 4093 798 4141 ed.
810 4093 874 4144 vati

396 4177 433 4233 (3)
450 4173 481 4222 1..
491 4173 522 4222 do
532 4180 576 4222 nat
586 4180 611 4223 et
621 4181 680 4235 grat
691 4191 713 4223 c.
724 4177 774 4223 lxv.
785 4191 810 4226 m
822 4181 863 4227 ts.

398 4259 437 4319 (4)
454 4256 484 4306 L.
495 4257 526 4307 do
537 4265 597 4320 grat.
608 4266 633 4307 et
643 4258 683 4307 lib.
696 4262 744 4308 arb.
756 4279 777 4311 c
788 4262 814 4310 ii.

397 4345 437 4404 (ὅ)
453 4341 484 4390 In
494 4356 556 4405 resp.
568 4342 599 4391 ed
609 4357 662 4407 cap.
674 4343 737 4392 Gall
749 4345 816 4394 Seru.
829 4349 853 4395 6.
949 4370 950 4373 ¹

307 4441 309 4446 ’
398 4427 436 4487 (b)
454 4425 542 4485 Quart
552 4425 585 4475 ri.
597 4425 627 4476 de
638 4426 712 4487 mab,
723 4437 767 4478 art.
778 4430 845 4480 unic.

400 4513 438 4571 (7)
456 4510 506 4570 Qu.
518 4511 552 4558 24
562 4509 594 4561 de
602 4512 674 4563 verit.
685 4521 730 4563 art.
745 4517 767 4563 1.

401 4596 439 4655 (8)
458 4592 524 4656 nug.
534 4594 551 4644 b
560 4595 590 4646 de
601 4595 696 4648 duabus
707 4597 834 4649 animabus
845 4614 867 4649 c.
877 4599 912 4650 xi.
919 4615 945 4651 ιι.
959 4605 998 4653 to.
