2744 5024
341 220 398 329 o'u
419 266 977 331 urvrursrsssuomoumus.
1241 268 1271 333 s

56 421 185 483 Pulchre
200 423 289 482 etiam
310 425 449 489 Boetius:
471 425 661 485 “AEteruitas
675 435 720 485 est
732 423 951 483 interminabilis
967 424 1032 483 vite
1053 431 1111 483 tots
1124 423 1211 483 simul
1233 432 1263 483 ct

59 518 191 597 perfecta
203 518 402 595 posscssio.'’²

102 617 149 671 19.
171 614 344 675 Immensae
355 615 524 692 predicatur
534 614 625 681 Deus,
635 617 743 694 quippe
752 618 803 690 qui
812 626 898 675 totam
911 615 1117 694 plenitudinem
1129 616 1262 675 essentia

58 711 155 779 babet,
171 721 201 768 et
215 711 297 771 nullo
309 713 401 771 limite
414 732 479 773 ssu:
522 722 542 750 ‘⁶
554 714 680 791 Magnus
694 724 781 772 estet
794 732 852 773 non
868 714 951 771 habet
963 714 1073 784 finem3
1087 713 1219 770 excelsus
1233 720 1263 771 et

60 806 271 865 immensus.”⁹
311 808 450 875 Quamvis
462 819 556 869 autem
567 809 632 869 loco
644 829 702 869 uon
717 810 903 876 contineatur,
917 827 975 869 uon
991 820 1085 867 tamen
1099 808 1187 866 instar
1200 796 1267 866 uor-¹

59 901 140 977 poris
161 920 214 978 per
234 904 326 981 spatia
346 903 524 972 diffunditur,
539 905 589 965 sed
607 915 683 963 totus
705 907 811 977 ubique
833 923 899 963 sss.
941 913 961 940 ‘⁶
973 905 1041 963 Non
1061 903 1147 980 louge
1169 916 1214 960 est
1226 901 1262 961 ab

58 1015 238 1071 unoquoque
274 1010 421 1059 nostrum:
457 1002 487 1059 in
515 1003 579 1078 ipso
606 1003 684 1059 enim
712 1001 846 1068 vivimus,
874 1018 1033 1068 moremur,
1059 1010 1088 1057 et
1118 997 1264 1058 sumus.”⁸

58 1094 245 1169 “Numquid
259 1115 317 1154 nou
339 1097 442 1155 coelum
458 1108 487 1155 et
507 1110 608 1156 terram
633 1117 686 1175 ego
707 1098 826 1174 impleo,
841 1097 910 1156 dicit
930 1097 1074 1155 Dominus
1084 1097 1110 1153 l*
1149 1095 1262 1153 Psaltes

57 1189 183 1249 clamat:
207 1201 226 1227 “
237 1191 304 1258 Quo
317 1193 366 1251 ibo
387 1213 403 1250 a
425 1195 532 1270 Spiritu
546 1206 593 1253 tuo
605 1196 616 1252 l
639 1205 669 1252 et
681 1214 738 1267 quo
753 1195 855 1261 aiacis
878 1205 925 1253 tuo
939 1193 1067 1270 fugiam?
1108 1191 1142 1249 Si
1163 1209 1263 1249 ascen·

57 1283 129 1343 dero
152 1285 183 1342 in
202 1287 317 1365 coelum,
332 1299 362 1346 tu
382 1291 503 1348 illices:
526 1291 551 1347 si
565 1290 740 1350 descendero
761 1290 792 1347 in
813 1290 966 1357 infernum,
988 1287 1066 1345 ades.
1108 1287 1141 1344 Si
1163 1304 1261 1363 sump·
1307 1280 1310 1285 ’

56 1397 126 1436 sero
147 1399 257 1456 pennas
272 1401 351 1441 meas
374 1383 509 1452 diluculo,
525 1394 553 1441 et
566 1385 729 1442 habitavero
751 1385 779 1442 in
794 1384 929 1442 extremis
944 1383 1049 1441 maris:
1071 1382 1177 1439 etenim
1192 1381 1261 1439 illuc

55 1494 164 1533 manus
179 1487 226 1536 tua
240 1478 362 1538 deducet
375 1465 432 1548 me,
447 1491 476 1539 et
490 1481 596 1539 tenebit
607 1500 652 1539 me
666 1482 782 1539 dextera
796 1481 891 1538 tua.¹'⁵

101 1578 155 1631 20.
176 1572 259 1641 Qu'od
272 1576 354 1634 Deus
366 1577 471 1650 ubique
485 1578 523 1634 sit
533 1587 619 1644 totus,
632 1590 725 1653 patres
738 1577 846 1653 passim
859 1575 979 1633 tradunt.
1021 1574 1072 1632 Sic
1085 1574 1261 1649 Chrysostu·

53 1688 127 1729 mus
140 1671 167 1726 in
177 1670 283 1728 Psaltis
293 1673 394 1731 verba:
409 1682 429 1709 ‘⁴
440 1671 513 1738 Quis
524 1674 599 1730 sicut
610 1674 752 1731 Dominus
765 1672 846 1730 Deus
855 1684 960 1739 noster,
972 1671 1058 1743 quiin
1070 1671 1133 1727 altis
1144 1668 1259 1737 habitat,

56 1777 88 1822 et
103 1766 226 1824 humilia
240 1769 358 1844 respicit
371 1769 400 1827 in
422 1769 505 1836 coelo,
521 1769 591 1826 etin
607 1758 720 1826 terra'l''
741 1769 956 1826 animadvertit:
979 1765 1160 1823 “ostendens
1179 1763 1260 1820 illum

55 1864 169 1936 ubique
190 1884 266 1934 esse,
282 1867 339 1925 illic
361 1877 390 1924 et
410 1866 475 1933 hic;
499 1885 557 1925 non
579 1865 657 1922 enim
678 1875 821 1936 tamquam
845 1864 947 1934 aliquis
969 1864 998 1919 in
1013 1861 1086 1918 coelo
1107 1859 1261 1916 conclusus

56 1960 175 2018 eminus
189 1961 286 2030 videt,
301 1981 363 2035 quae
382 1973 448 2020 sunt
470 1963 500 2019 in
523 1974 606 2028 terra,
622 1960 672 2018 sed
695 1961 800 2033 ubique
821 1977 960 2036 praesens,
975 1965 1004 2014 et
1025 1955 1158 2013 omnibus
1172 1953 1260 2010 assis·

54 2054 170 2112 tens.'’⁰
208 2059 386 2135 Augustinus
400 2070 492 2116 autem
507 2068 604 2116 mouet
614 2076 670 2115 non
686 2059 773 2118 instar
783 2054 911 2131 corporis
923 2052 1019 2111 Deum
1030 2070 1094 2109 esse
1106 2042 1256 2109 diffusumt

58 2160 81 2188 ‘⁸
90 2151 145 2209 sed
159 2163 204 2211 est
216 2155 247 2212 in
261 2155 324 2229 solo
344 2155 418 2213 coelo
431 2163 518 2222 totus,
533 2166 562 2212 et
575 2154 604 2211 in
619 2155 680 2212 sola
701 2165 773 2211 terra
787 2162 873 2220 totus,
885 2161 914 2208 et
928 2150 1005 2208 nullo
1019 2159 1168 2211 contentus
1182 2149 1258 2215 loco,

56 2248 113 2307 sed
129 2252 160 2307 in
172 2251 271 2331 seipso
284 2252 391 2327 ubique
406 2250 530 2309 totus.”⁷
570 2250 748 2328 suffragatur
759 2251 840 2317 ratio,
855 2267 944 2323 quum
958 2248 1035 2305 enim
1049 2265 1101 2304 ens
1115 2247 1152 2303 sit
1162 2264 1260 2304 neces·
1307 2296 1318 2307 .

57 2347 182 2415 sarium,
194 2366 309 2425 semper
321 2359 350 2406 et
363 2348 470 2422 ubique
484 2359 528 2405 est
542 2349 597 2405 sibi
611 2347 751 2405 existendi
766 2366 861 2404 causa:
876 2347 901 2403 si
916 2344 1019 2403 alicubi
1033 2343 1134 2401 deesse
1148 2351 1258 2419 posset,

57 2451 164 2519 posset
176 2451 207 2499 et
224 2461 283 2501 nou
296 2462 372 2511 esse,
388 2462 441 2501 nec
456 2445 533 2501 enim
554 2444 623 2519 fingi
643 2453 737 2520 potest
758 2462 844 2500 causa
862 2462 913 2500 cur
933 2442 998 2498 loco
1019 2439 1114 2514 aliquo
1128 2457 1189 2515 prae
1202 2438 1259 2499 atio

58 2536 144 2594 foret.
188 2538 272 2604 Quod
287 2551 382 2597 autern
397 2539 462 2597 coeli
481 2539 616 2615 celorum
637 2539 764 2597 Domino
785 2538 988 2603 adscribantur,
1003 2538 1039 2594 ob
1060 2536 1179 2612 gloriam
1195 2535 1258 2611 ejus

58 2632 169 2691 sanctis
192 2633 400 2691 manifestatam
421 2634 462 2690 fit.
504 2634 531 2691 A
551 2634 622 2691 facie
645 2634 765 2691 Domini
787 2634 871 2690 etiam
889 2632 1020 2690 recedere
1043 2630 1155 2695 dicitur,
1171 2629 1258 2701 quia

58 2729 125 2789 loco
140 2731 171 2787 in
184 2749 242 2805 quo
253 2731 335 2789 Deus
350 2750 381 2787 se
396 2731 588 2789 manifestavit
600 2729 735 2787 deceditz⁸
748 2728 823 2800 quod
838 2729 873 2784 de
885 2728 960 2786 Jona
971 2727 1106 2801 fugiente,
1122 2743 1158 2781 ne
1173 2725 1203 2781 N
1206 2725 1258 2781 ini·

59 2827 133 2884 vitas
153 2827 271 2886 ultionis
285 2827 461 2885 imminentis
483 2837 621 2890 moneret,
637 2825 800 2889 affirmatur,
816 2822 946 2899 sperabat
961 2821 1068 2895 quippe
1090 2837 1122 2875 se
1142 2818 1257 2893 longius

58 2932 175 2981 vectum
189 2942 246 2981 uon
260 2923 452 2982 revocandum
467 2922 501 2980 ad
516 2940 634 2980 munere
650 2920 725 2994 quod
740 2919 942 2976 detrectaverat
950 2914 1138 2992 ¹fungendum.

98 3023 149 3077 21.
170 3017 282 3079 Omnia
290 3018 473 3097 Dcopotcnt,
481 3017 669 3076 occultissimi
678 3017 732 3093 ipsi
743 3015 836 3074 cordis
847 3020 950 3080 nictus,
961 3024 989 3068 et
998 3012 1096 3069 suturae
1106 3009 1258 3095 hominum

59 3116 238 3176 voluntates:
262 3126 281 3152 ‘⁶
292 3116 368 3189 quod
383 3117 460 3174 enim
475 3114 656 3200 dc'sermone
672 3113 727 3171 Dei
742 3112 776 3169 ab
789 3096 930 3188 Apostolo
941 3109 1054 3176 dicitur,
1068 3108 1104 3165 de
1116 3108 1180 3167 Deo
1192 3125 1257 3183 pro·

60 3213 106 3272 cul
120 3215 209 3273 dubio
231 3213 446 3290 intelligendum
460 3229 575 3285 quoque
589 3222 650 3269 est:
675 3221 694 3246 ‘⁶
705 3228 762 3268 non
777 3218 821 3266 est
835 3209 891 3266 ulla
912 3219 1038 3266 creatura
1051 3204 1204 3291 invisibilis
1225 3204 1256 3263 iu

56 3319 220 3389 conspectu
233 3311 314 3387 ejus:
336 3310 434 3369 omnia
448 3319 542 3367 autem
558 3306 632 3366 nuda
646 3317 675 3364 et
688 3317 784 3382 aperta
803 3312 871 3364 sunt
883 3304 974 3362 oculis
988 3301 1098 3378 ejus.”⁹
1138 3290 1253 3359 “Douli

63 3405 182 3466 Domini
204 3407 293 3465 multo
312 3406 377 3483 plus
397 3404 550 3464 lucidiores
564 3414 630 3461 sunt
644 3422 731 3479 super
753 3402 855 3469 solem,
870 3400 1133 3476 circumspicientes
1154 3413 1256 3455 omues

65 3500 121 3558 vias
136 3501 297 3568 hominum,
312 3511 341 3559 et
360 3499 532 3577 profundum
554 3499 663 3575 abyssi,
678 3510 706 3554 et
728 3497 877 3555 hominum
892 3497 978 3554 corda
996 3497 1138 3553 intuentes
1160 3493 1190 3551 in
1210 3491 1257 3549 ab·

69 3595 208 3655 sconditas
220 3595 374 3672 partes.”1⁰
390 3605 409 3631 ‘⁴
420 3595 556 3661 Domine,
569 3605 597 3651 tu
606 3593 766 3671 cognovisti
778 3592 874 3650 omnia
883 3591 1041 3650 novissima
1049 3602 1078 3646 et
1087 3585 1257 3660 antiqua.”¹¹

196 3792 233 3852 (l)
251 3788 291 3839 De
301 3789 393 3840 consol
404 3789 420 3839 l.
431 3806 455 3839 v.
463 3805 535 3855 prosa
545 3791 569 3839 6.

195 3878 232 3939 (2)
251 3875 350 3925 Baruch
361 3875 395 3924 iii.
407 3877 448 3922 at.

195 3961 232 4023 (3)
250 3959 306 4009 Act.
317 3959 375 4008 xvii.
387 3962 429 4009 2⁷.

197 4046 234 4106 (t)
251 4044 300 4093 Jcr.
311 4043 381 4093 xxiii.
393 4039 435 4093 2‘4.

195 4131 232 4192 (ι)
251 4128 292 4178 ιι.
303 4126 420 4178 mnus
431 4128 456 4178 r.
512 4112 523 4116 “

195 4213 232 4272 (6)
249 4212 280 4261 ln
291 4211 333 4260 Pr.
343 4209 400 4261 cxii.

195 4300 232 4358 (7)
250 4297 299 4362 Bp.
312 4300 369 4357 187,
380 4296 411 4347 sd
421 4294 572 4354 Dardanum,
583 4309 605 4344 c.
616 4296 641 4344 4.
653 4310 680 4344 n.
693 4296 731 4352 14,
742 4299 801 4344 tom.
813 4291 850 4344 ll.

197 4384 235 4443 (8)
253 4380 317 4431 Gen.
328 4380 363 4430 iii.
374 4384 400 4430 8.
431 4379 512 4430 lours.
525 4381 548 4440 l,
559 4380 584 4428 8.

198 4466 235 4528 (9)
251 4464 317 4515 Heln
325 4464 359 4515 iv.
372 4467 412 4514 ta.

94 4597 103 4624 ὓ
199 4551 253 4613 (1⁰)
270 4549 339 4600 Bccl.
350 4548 420 4599 xxiii.
432 4551 474 4599 28.

197 4635 251 4700 (11)
268 4631 436 4685 Pncxxxviii.
446 4633 472 4682 t.

536 4756 572 4817 0.
