2730 5018
84 218 178 329 -‚'.1⁹⁸‚
403 244 459 306 ns
480 243 848 316 mocsasromsus
861 243 1034 308 omma,

121 399 293 470 admittatur,
308 403 405 461 omnis
427 413 568 470 constant,
582 422 649 470 nrm
672 404 757 463 Pater
768 404 806 463 de
826 404 902 462 Filio
921 405 1003 462 testis
1025 403 1192 487 exhibetur,
1213 398 1346 482 coelitm,

122 497 229 557 emissa
240 515 321 567 voce,
337 498 404 557 dum
418 500 627 575 baptizaretur:
650 501 709 558 imo
724 501 821 559 Verbo
831 512 861 558 ει
874 502 984 578 Spiritu
1005 501 1115 559 Sancto
1134 500 1242 576 pariter
1255 516 1331 577 eon,

120 591 204 651 Patre
218 593 396 651 testantibus.
437 593 524 660 Quod
537 595 562 650 si
578 596 736 663 omittatur,
753 597 868 653 nonnisi
889 597 1010 654 obscure
1034 595 1166 672 spiritus,
1186 612 1276 666 aque,
1300 596 1361 693 ηδ’

120 690 267 766 sanguinis
291 689 485 749 testimonium
508 690 542 747 ab
561 691 700 765 Apostolo
724 692 811 749 veluti
832 692 891 750 Dei
915 691 1113 751 testimonium
1141 689 1308 756 indicabitur.

122 783 213 861 Igitur
226 785 388 842 intrinsecis
402 785 544 842 rationum
559 787 711 843 momentis
727 787 856 844 innititur
869 773 995 863 Vulgata
1007 786 1103 844 lectio.

163 883 230 938 187.
251 879 285 938 ld
299 899 368 938 sane
382 899 440 938 uon
455 881 726 957 pretermittendum
747 892 803 938 tres
817 891 903 939 testes
924 881 1057 940 coelestes
1070 879 1211 957 appellari
1225 896 1258 936 ea
1273 901 1314 943 ra.

120 973 198 1031 tione
213 993 270 1046 qua
282 975 409 1033 loannes
424 977 582 1042 consuevit,
597 995 682 1049 quarn
698 976 780 1033 facile
802 977 976 1053 neglexisset
996 985 1205 1033 commentator
1218 975 1319 1047 aliquit¹

120 1069 168 1127 rel
181 1069 375 1146 interpolator.
416 1079 518 1150 susp,
532 1070 662 1131 Vsasuu
681 1092 698 1128 a
711 1071 730 1129 J
732 1091 824 1130 oanne
839 1074 867 1130 in
883 1071 1043 1142 Evangelio
1057 1071 1233 1146 designatur.
1253 1069 1307 1146 lpse

119 1165 206 1225 su'sm
220 1165 333 1224 colicus
346 1165 410 1225 data
422 1166 458 1225 de
472 1167 591 1226 Obristo
606 1168 770 1226 testimonia
783 1188 801 1225 a
815 1170 901 1227 Patre
914 1179 944 1227 et
957 1168 1067 1244 Spiritu
1081 1167 1193 1224 Sancto
1205 1166 1319 1236 retulit,

120 1269 149 1321 et
163 1279 247 1320 voces
259 1262 322 1320 illas
336 1262 446 1320 Christi
460 1281 518 1335 quo
532 1264 624 1323 unitas
639 1273 745 1320 naturae
766 1263 942 1323 declaratur:
966 1273 985 1299 “
998 1263 1065 1338 Ego
1078 1269 1108 1318 et
1127 1261 1215 1319 Pater
1234 1278 1310 1322 uuum

119 1358 217 1417 sunt.''
239 1356 312 1417 Huc
325 1358 394 1435 styli
408 1369 437 1417 et
449 1377 552 1417 vocum
567 1359 720 1417 concordia
730 1378 811 1417 suam
824 1361 882 1417 vim
895 1358 991 1435 bibet,
1000 1370 1033 1417 ut
1042 1357 1151 1416 Joanui
1165 1349 1313 1416 versiculos
1341 1390 1348 1407 ι

119 1451 168 1509 ille
181 1453 325 1510 tribuatur.
956 1444 976 1533 ἦ
1181 1502 1183 1506 ,

162 1552 231 1607 188.
254 1549 364 1607 Farent
376 1547 465 1625 igitur
477 1549 618 1607 versiculo
632 1536 786 1606 intrinseca
805 1547 911 1606 indicia
924 1559 953 1605 et
972 1548 1134 1605 extrinseca
1155 1557 1341 1627 argumenta,

119 1644 297 1720 gravissima,
312 1662 349 1703 ex
364 1662 416 1702 usu
430 1643 553 1702 solemni
574 1645 740 1702 Latinorum
755 1657 784 1702 et
805 1644 983 1712 Graecorum,
999 1645 1073 1700 siout
1093 1651 1175 1706 etex
1188 1641 1316 1698 Africana
1359 1696 1361 1701 .

118 1741 286 1798 recensione
300 1758 352 1798 seu
364 1740 500 1799 sessione
510 1740 719 1813 antiquissima,
733 1751 763 1797 et
777 1740 839 1796 aliis
855 1740 1006 1815 capitibus,
1021 1755 1087 1822 quae
1107 1737 1329 1807 recensuimus,

119 1835 254 1894 derivata.

277 2304 417 2365 orror
437 2304 475 2372 v.
517 2303 574 2367 us
596 2303 957 2363 rsocsssrouraus
986 2264 1184 2391 eruturus

162 2480 232 2543 189.
251 2476 420 2547 Processio,
435 2478 476 2536 uti
486 2479 547 2554 jam
563 2476 700 2547 diximus,
713 2489 757 2536 εει
772 2479 863 2554 origo,
875 2496 925 2534 seu
938 2478 1080 2535 emanatio
1094 2475 1184 2535 unius
1195 2454 1329 2554 personas

117 2572 221 2632 diriore
235 2574 270 2632 ab
284 2574 348 2642 alia,
363 2593 415 2633 seu
429 2595 445 2630 a
459 2572 568 2632 duabus
591 2573 675 2633 aliis:
697 2576 735 2631 ita
756 2584 848 2630 tamen
864 2586 895 2630 ot
916 2592 1039 2649 persona
1059 2573 1219 2649 procedens
1242 2585 1334 2637 extra.

117 2680 246 2727 naturam
261 2670 386 2728 divinam
401 2689 458 2728 non
473 2679 577 2738 exeat;
601 2681 644 2727 est
665 2671 742 2727 enim
759 2671 921 2728 communis
942 2669 1041 2727 eadem
1063 2671 1197 2747 omnibus
1208 2680 1324 2728 natura.

118 2765 290 2824 Immnnens
315 2766 421 2824 idcirco
447 2766 594 2842 processio
620 2777 807 2842 nuncupatur,
827 2765 892 2838 quia
918 2775 1014 2822 manet
1034 2764 1062 2822 in
1078 2764 1175 2821 divina
1196 2765 1324 2822 essentia

115 2862 199 2936 juxta
213 2860 282 2917 illud
298 2860 427 2919 Christi:
444 2861 551 2918 “Pater
563 2859 590 2916 in
608 2878 653 2916 me
665 2870 718 2925 εει,
729 2873 816 2934 etego
829 2860 857 2915 in
870 2859 1001 2916 Patre.'’¹
1022 2859 1108 2924 Pater
1118 2860 1167 2930 qui
1181 2861 1337 2942 anemius,

118 2956 245 3032 procedit
261 2966 279 2993 ‘⁶
290 2957 353 3015 sons
368 2957 648 3034 supersubstantialis
671 2956 828 3012 Deitatis”²
848 2957 882 3012 ab
905 2955 1020 3026 antiqno
1036 2957 1185 3031 scriptore,
1200 2957 1253 3028 qui
1274 2957 1324 3014 diu

118 3054 279 3127 Dionysius
294 3055 466 3130 Areopagita
481 3054 592 3110 habitus
607 3065 660 3116 est,
676 3062 865 3127 nuncupatur.
908 3052 979 3110 Duae
1002 3062 1109 3127 tanturn
1126 3053 1154 3109 in
1171 3053 1236 3110 Deo
1258 3045 1343 3129 pro·..

117 3149 263 3206 cessiones
286 3160 362 3217 sunt,
386 3150 452 3208 Filii
478 3149 587 3207 scilicet
610 3168 626 3204 a
648 3149 743 3213 Patre,
771 3149 894 3223 Spiritus
918 3132 1016 3204 Sancti
1041 3149 1157 3217 aPatre
1178 3158 1207 3204 et
1230 3148 1321 3206 Filio.

97 3242 253 3301 'AEterncc
275 3243 318 3300 hae
333 3255 410 3310 sunt,
426 3241 647 3309 substantiales,
662 3251 690 3298 ει
713 3243 895 3300 necessarias.
938 3242 1152 3322 Metcpltysicae
1173 3245 1259 3301 etiam
1282 3244 1328 3302 di·

116 3349 228 3403 cuntur,
243 3356 278 3394 eo
293 3337 368 3408 quod
383 3338 488 3401 nullam
507 3336 640 3394 inducant
661 3338 858 3403 mutationem,
881 3339 1145 3415 subjectionemve:
1164 3356 1221 3398 nee
1243 3340 1324 3396 enim

116 3454 239 3510 persona
253 3434 410 3510 procedens
426 3435 511 3492 altera
525 3446 569 3490 est
581 3435 722 3492 ullatenus
735 3435 862 3493 inferior.

160 3535 225 3588 190.
252 3531 459 3590 Generotionis
470 3533 587 3588 nomine
600 3531 764 3608 designatur
776 3533 922 3608 processio
936 3533 1029 3590 Patris
1040 3553 1056 3588 a
1068 3533 1153 3593 Filio.
1176 3533 1327 3598 Caeterum

116 3638 191 3684 recte
208 3638 304 3685 monet
320 3628 476 3704 Gregorius
493 3628 716 3697 Nazianzenus:
740 3638 759 3663 ‘⁶
771 3629 851 3684 'Putas
867 3628 930 3684 illas
946 3628 1089 3685 fluxiones
1104 3637 1133 3684 et
1148 3627 1338 3696 divisiones„

116 3734 144 3778 et
158 3723 300 3778 sectiones
315 3723 393 3796 prius
408 3723 512 3798 abjice,
525 3741 558 3788 sc
572 3721 606 3782 de
629 3724 798 3798 incorporea
819 3724 866 3779 illa
886 3734 994 3789 natura,
1020 3724 1101 3795 quasi
1123 3723 1158 3779 de
1184 3741 1325 3798 corporea

115 3815 268 3891 disputare-
282 3815 393 3874 desine.
436 3819 528 3890 Atque
544 3820 582 3874 ita
607 3817 725 3876 sortasse
751 3818 868 3895 dignum
885 3818 991 3891 aliquid
1017 3819 1199 3895 generatione
1222 3818 1324 3875 divina

86 3994 93 4013 Ι
109 3913 270 3988 ¹concipere
294 3913 391 3972 animo
408 3913 544 3988 queasss'*¹
566 3914 703 3973 “Credis
718 3917 845 3992 genitum
861 3917 947 3972 esset
962 3934 998 3984 ne
1011 3935 1121 3988 trituras
1136 3913 1330 3988 quomodo'f⁴

162 4086 171 4133 l
204 4084 275 4134 loun.
286 4100 311 4133 1.
323 4087 364 4134 ³8.

150 4089 189 4227 iti
207 4166 236 4216 L.
249 4168 278 4216 de
290 4168 379 4218 divinis
390 4169 533 4219 nominibus
544 4186 565 4219 c.
577 4173 602 4218 2:
614 4226 617 4230 ⁴
636 4171 743 4235 Scriptor
753 4170 796 4221 hic
806 4171 889 4220 floruit
900 4173 988 4221 soeculo
1000 4180 1068 4222 sexto
1079 4172 1187 4222 ineunte.
1221 4171 1325 4221 Nomen

114 4268 165 4300 non
187 4252 277 4311 fraude,
295 4253 338 4301 sed
356 4254 422 4317 quod
433 4253 547 4318 Dionysii
559 4254 703 4319 sapientiam
719 4255 808 4305 imitari
826 4255 871 4304 sibi
888 4257 1047 4320 proposuerit,
1059 4257 1161 4322 adeptus
1176 4263 1221 4318 est,
1235 4256 1323 4322 judice

114 4337 211 4386 Gorrss.

149 4421 191 4483 (3)
213 4421 281 4470 Orat
293 4437 369 4471 xxxv.

149 4504 191 4570 (t)
213 4506 289 4557 Basil.
300 4507 366 4557 hom.
380 4506 449 4557 xxix.
