2744 5024
335 118 394 185 DE
414 120 520 185 tuse
538 120 714 185 enuisti
731 120 992 186 lul-virutum
1230 128 1289 188 m

147 280 206 341 ιω,
221 280 307 361 lleep.
328 280 460 343 Verbum
475 290 579 354 οιιψς
597 281 680 341 Deus
693 282 757 358 ipse
777 281 841 358 luit,
854 280 977 358 ideoque
998 282 1090 343 Filius
1112 281 1169 343 Dei
1183 283 1292 343 Patris.

125 376 223 437 histro
235 377 343 437 idcirco
356 378 449 437 Filius
463 377 521 437 Ilei
534 377 627 436 dictus
641 388 696 447 est,
711 379 838 437 hnmana
852 380 962 457 quippe
973 391 1072 439 natura
1085 379 1185 439 divina
1198 380 1288 439 Verbi

119 476 213 551 permut
225 474 408 532 subsistebat.
450 473 520 533 Non
536 472 652 532 indoles
674 474 763 532 animi
785 474 877 532 Filius
888 475 945 534 Dei
959 474 1062 534 dieitur
1073 476 1104 534 iu
1119 476 1287 554 Scripturis,

117 569 152 629 sel
161 570 216 647 ipse
230 570 377 629 Christus.

53 648 64 751 l
140 672 195 731 led.
220 666 288 748 obj.
305 673 356 729 2⁷.
378 668 452 734 Quae
464 680 486 727 s·
502 667 627 727 Christo
644 677 753 745 patrata
775 679 843 728 sunt
864 670 1010 739 miracula,
1025 690 1092 730 eum
1112 670 1208 732 Deum
1230 688 1290 731 non

111 766 223 843 probante
244 766 384 843 pleraque
399 765 475 823 enim
490 764 588 823 referri
604 776 727 842 possunt
741 765 775 823 ad
790 766 876 825 fidem
891 767 978 836 illius,
993 768 1038 827 vel
1052 786 1152 826 eorum
1166 786 1288 842 quorum

71 872 79 885 ⁴
108 864 177 940 grstia
188 873 256 923 sunt
268 864 439 930 iaeta‚'eorta
453 862 563 920 scilieet
573 863 667 921 animi·
676 863 781 921 fiducia
794 865 899 923 mirum
913 865 999 923 habet
1012 866 1041 923 in
1053 884 1173 942 corpora
1185 865 1290 925 indux-

107 976 150 1019 tu.
186 960 218 1020 ld
233 961 322 1018 etiam
336 957 617 1016 animadvertendum
632 958 759 1018 subsidia
775 960 904 1032 quaedam
919 980 1037 1038 semper
1048 961 1138 1019 fuisse
1153 961 1288 1028 adbibita,

96 1055 251 1115 acumem
266 1055 378 1123 saliva,
387 1062 552 1114 conectam
563 1072 676 1123 manus,
691 1055 738 1114 vel
751 1055 894 1129 loquelam
904 1057 1005 1116 saltem
1019 1056 1054 1115 ad
1064 1056 1150 1115 fidem
1165 1058 1291 1117 excitan-

107 1148 189 1210 yma.

132 1250 193 1306 14⁰.
213 1246 307 1325 Roep.
328 1245 438 1304 Christi
453 1245 590 1304 miracula
601 1245 729 1305 divinam
739 1248 801 1325 ejus
816 1258 945 1308 naturam
960 1248 1045 1326 plane
1059 1258 1207 1318 testantur,
1221 1259 1289 1309 sunt

106 1343 162 1403 enim
175 1362 261 1422 opera
275 1343 349 1402 adeo
362 1341 504 1419 stupende
517 1352 549 1401 nt
568 1343 604 1401 ad
620 1344 715 1403 Deum
740 1355 886 1404 auctorem
901 1347 1065 1405 necessario
1078 1346 1243 1414 reserantur,
1260 1357 1291 1404 et

106 1440 242 1519 inpetrata
254 1450 333 1510 sunt,
347 1449 380 1498 ιιι
392 1451 560 1516 supremum
575 1441 605 1499 in
618 1459 664 1499 res
679 1461 780 1500 omnies
792 1442 953 1501 dominium
965 1442 1114 1502 manifesth
1130 1447 1289 1521 appareat.¹¹

106 1536 201 1597 Frustra
213 1538 325 1596 laboret
344 1535 513 1604 Furnesius,
529 1546 595 1613 post
608 1537 770 1596 Germanos
792 1539 1006 1607 Rationalistas,
1020 1544 1164 1598 uteorum
1178 1540 1237 1597 vim
1259 1547 1289 1595 et

106 1635 275 1693 auctoritatem
290 1634 424 1702 infirmet,
439 1632 557 1691 dumea
577 1633 705 1692 videatur
720 1635 883 1692 vindicare:
906 1654 972 1694 nam
988 1636 1137 1711 ingeniosa
1157 1634 1285 1707 quidem,

107 1728 226 1789 edomui
250 1748 368 1806 prorsus
388 1729 644 1788 verosimilitudine
669 1731 792 1787 carentia
814 1729 930 1807 profert.
973 1731 1047 1796 Quis
1068 1730 1157 1787 risum
1179 1739 1284 1797 teneat,

103 1822 158 1885 uun
176 1827 254 1885 audit
277 1826 425 1902 leprosum
447 1823 561 1894 fiducia,
576 1845 628 1884 seu
648 1825 705 1884 fide
727 1845 789 1895 sua,
813 1826 908 1885 statim
929 1824 1108 1894 mundatum,
1123 1843 1194 1883 voce
1215 1824 1288 1884 Jesu

105 1932 188 1984 natura
200 1926 277 1983 vires
297 1924 425 1982 occultas
444 1924 586 1982 excitante
599 1925 626 1980 ι’
666 1923 851 1984 centurionis
875 1942 1006 2002 puerum,
1022 1923 1086 2001 ipso
1108 1942 1166 1997 quo
1190 1933 1288 1982 centu·

104 2016 191 2080 runem
206 2020 345 2079 allocutus
359 2029 405 2077 est
417 2019 504 2078 lesus
518 2029 648 2096 tempore
662 2029 802 2089 sanatum,
817 2021 896 2080 nullo
916 2020 1046 2080 subsidio
1067 2020 1204 2089 adhibito,
1219 2039 1287 2079 con·

103 2122 151 2176 ιιιι.
187 2117 362 2176 (lhansnoem
374 2116 434 2175 filie
453 2117 559 2194 pariter
571 2118 685 2175 sanitati
706 2119 819 2187 absens,
835 2127 864 2176 et
883 2119 945 2179 sola
960 2117 1071 2177 Christi
1086 2118 1228 2177 voluntate
1242 2128 1288 2178 est

102 2215 219 2274 notitam.
261 2214 466 2274 Damoniacus
488 2212 663 2271 Gadareneie
677 2214 820 2274 reluctans
841 2216 990 2294 spiritibus
1004 2215 1138 2292 malignis
1151 2215 1286 2274 liberatus

100 2316 140 2367 est
176 2310 245 2387 lpse
266 2309 426 2368 Fumesius
447 2327 506 2367 non
520 2327 607 2367 ausus
621 2318 666 2367 est
689 2311 833 2388 explicare
856 2309 1003 2384 quomodo
1023 2311 1104 2388 porci
1125 2311 1293 2387 praeeipitep

98 2406 141 2465 ani
151 2408 225 2466 siut:
240 2407 321 2466 nulla
334 2416 411 2466 certe
421 2407 627 2466 interveniente
638 2406 706 2476 fide,
718 2408 797 2467 nullo
809 2400 935 2466 adhibito
946 2407 1101 2466 subsidi0.⁴
1124 2407 1182 2473 Qui
1191 2396 1301 2467 ccco?

95 2504 265 2563 auativitate
284 2502 343 2562 fide
364 2504 458 2563 visum
478 2507 690 2580 recuperasse,⁵
713 2513 890 2563 mortuorum
910 2503 1028 2580 spiritns
1051 2503 1082 2560 in
1102 2502 1293 2562 cadaveribus

118 2742 155 2803 (1)
170 2740 246 2791 Jearss
256 2737 313 2790 und
321 2737 362 2789 hia
375 2737 552 2806 Biograpbera
563 2739 603 2789 ch.
611 2738 653 2789 vii.
664 2736 714 2788 viii

117 2829 156 2889 (2)
172 2826 229 2893 Ipse
247 2826 385 2876 Fumesius
403 2825 451 2875 nit:
477 2832 492 2856 “
500 2827 523 2877 It
533 2808 616 2876 would
633 2840 699 2876 seem
709 2823 770 2874 esis
783 2822 815 2873 he
825 2821 898 2873 could
914 2827 959 2873 not
974 2820 1037 2872 here
1048 2821 1178 2873 eoaoeived
1195 2822 1251 2872 how
1268 2822 1295 2872 it·

83 2909 155 2960 oould
172 2909 236 2959 hare
253 2911 317 2960 b'eeu
333 2909 461 2960 otherwise
471 2909 536 2960 thau
548 2910 601 2960 that
617 2909 649 2960 he
660 2908 747 2959 should
765 2909 795 2958 be
812 2898 912 2972 obeyed.
945 2904 1050 2971 Boyoud
1067 2908 1099 2957 all
1116 2907 1228 2972 question
1244 2907 1289 2958 tho

82 3010 165 3061 power
174 2996 204 3046 of
215 2995 366 3060 periermiug
376 2995 444 3045 these
454 2995 567 3045 wonders
577 3011 629 3044 was
639 2994 722 3044 untim
732 3002 758 3044 ιο
770 2993 830 3054 him,
841 2992 891 3042 sud
901 2992 933 3043 its
944 2992 1051 3043 exeroise
1067 3008 1119 3043 was
1130 3010 1157 3044 ns
1168 3010 1226 3059 easy
1238 2993 1287 3044 eud

80 3081 178 3131 natural
185 3080 214 3131 in
224 3081 277 3132 him
288 3098 316 3132 as
326 3081 380 3133 thet
389 3082 419 3131 of
431 3097 476 3132 our
487 3088 639 3132 commoneat
649 3079 759 3141 saeuitiae
770 3081 796 3130 in
808 3076 863 3130 us.”
897 3077 934 3128 lh·
941 3078 981 3129 oh.
993 3077 1044 3128 viii.
1055 3094 1081 3128 x.
1091 3094 1115 3144 p.
1128 3080 1193 3129 ³04,

114 3156 155 3229 (a)
171 3167 328 3219 “Thesoioe
339 3168 389 3220 eud
399 3167 442 3219 the
452 3167 528 3218 touch
537 3166 678 3233 penehsted
688 3167 737 3217 like
753 3166 885 3229 lightning,
895 3167 949 3216 into
959 3165 1001 3216 the
1017 3165 1109 3216 inmost
1119 3165 1244 3217 souutains
1253 3154 1291 3215 'oi

79 3254 120 3307 his
130 3255 179 3316 lile,
190 3255 239 3305 aad
252 3254 358 3318 through
369 3255 411 3306 the
422 3256 487 3307 olose
497 3256 542 3306 bul
552 3255 698 3319 mysterium
706 3254 846 3305 connexion
857 3255 886 3305 of
893 3255 937 3305 the
945 3255 1075 3305 mdaud
1086 3256 1158 3320 body,
1170 3255 1259 3307 caused
1271 3271 1289 3305 a

78 3340 178 3391 emeca
186 3341 371 3405 development
381 3342 411 3390 oi
421 3341 480 3391 vital
490 3356 578 3411 power-
612 3340 669 3390 The
676 3339 768 3390 hiddeu
776 3340 854 3389 forces
864 3339 893 3388 oi
904 3339 1008 3399 Nature,
1019 3339 1077 3389 thus
1088 3341 1285 3404 mnonutivcly

76 3425 235 3487 summoned,
244 3424 368 3490 produced
377 3425 563 3477 imtanteueous
568 3425 714 3475 soundness.
749 3423 791 3488 By
800 3423 840 3472 his
847 3421 916 3472 word
924 3421 974 3471 sud
984 3421 1068 3479 touch,
1074 3421 1218 3486 thepsrt'eet
1224 3423 1290 3474 saith·

78 3511 110 3561 d
120 3511 196 3563 lesus
204 3512 233 3563 in
244 3512 284 3563 his
293 3527 352 3563 οιιιι
367 3526 458 3577 power,
465 3511 577 3577 operated
594 3527 663 3576 upon
674 3510 716 3561 tho
732 3509 830 3575 already
846 3508 965 3574 powersul
980 3506 1042 3558 saith
1052 3507 1138 3558 ol‘tbe
1151 3508 1225 3573 lepor,
1236 3509 1291 3591 aad}

79 3597 218 3663 quichened
228 3599 283 3649 isto
293 3597 336 3649 the
345 3613 474 3662 neooessry
484 3595 590 3649 areom’
623 3597 718 3647 Ibidem
728 3597 768 3647 eh.
778 3597 829 3647 eiii.
839 3595 860 3645 Ι.
871 3611 896 3660 p.
909 3597 969 3646 2⁷1.

116 3683 155 3743 (4)
172 3682 263 3733 “How
274 3681 478 3733 themiuessers
492 3676 628 3742 affectedl
643 3681 719 3731 know
735 3688 843 3740 uotuor
859 3680 881 3728 is
896 3680 1055 3742 itneossssry
1066 3687 1093 3728 ιο
1109 3695 1215 3744 suppose
1231 3680 1287 3732 rbus

78 3765 369 3823 Imkmvwhatthe
385 3767 641 3828 resultwouldbe,or
656 3764 751 3815 tohold
767 3761 1087 3816 hammer-tw
1119 3762 1285 3831 Ibidems.p.

76 3840 147 3901 ssa'
174 3850 199 3901 ο
211 3849 302 3905 miram
310 3850 420 3903 hemian
429 3850 596 3917 infimum!

107 3922 159 4001 ’(5)
175 3934 256 3987 “Gau
267 3951 307 3986 ses
317 3942 413 3987 ιιοιιοο
423 3936 485 3987 arith
494 3935 672 3987 sehsteleetrio
683 3950 769 4000 passer
781 3932 908 4004 thereb-
923 3931 1011 3994 words,
1021 3932 1156 3985 connected
1169 3931 1233 3983 seith
1244 3931 1286 3984 the

78 4017 278 4083 lhillhtytumh
287 4019 318 4071 od
328 4019 411 4081 lma,
420 4026 489 4073 must
498 4019 562 4071 lsase
571 4019 686 4083 wrought
696 4018 783 4071 untho
799 4016 867 4069 blind
876 4033 951 4079 nssu,
961 4018 1046 4082 giving
1056 4017 1157 4070 thelest
1166 4015 1290 4083 quiokm·

78 4103 241 4171 lngimpulse
252 4114 279 4157 ιο
289 4104 330 4156 his
339 4105 408 4167 saith,
418 4105 508 4157 sothm
518 4106 560 4156 the
575 4121 659 4170 power
669 4105 698 4155 ol
710 4105 791 4155 vision
801 4104 884 4155 which
893 4105 977 4166 exists,
987 4106 1017 4155 bs
1028 4101 1228 4162 itre'nresnbsred,
1238 4109 1288 4154 uot

77 4187 605 4255 iuthesyesrhirhisoulyitserpubut
619 4189 647 4240 iu
663 4189 705 4241 the
721 4188 990 4256 miadmsuddenly
1006 4187 1195 4256 putlorthsud
1210 4186 1287 4243 those

78 4273 661 4341 &eamme-andnuman&
694 4273 939 4345 eumenem,
991 4334 1001 4344 Ἴ,
