2744 5024
302 110 360 173 DE
385 110 637 189 triumuiris
659 111 850 173 SPIRITUS
871 110 1037 172 sallom.
1213 112 1267 168 171

10 272 14 280 '
110 262 390 349 dsesleraproiapsis.
432 267 519 334 Quod
534 278 628 327 autam
644 278 664 304 ‘⁶
678 268 761 327 Dei”·
770 268 951 345 adjungatur,
965 267 1093 329 divinam
1112 267 1176 345 ejus
1189 272 1270 325 natu·
1336 308 1341 321 .

28 368 35 377 '
108 376 146 421 tra
155 364 257 432 indicat,
273 383 331 438 qua
343 364 455 423 seilicet
469 383 486 421 a
500 363 656 440 Spiritibus
670 365 783 431 creatis,
799 364 868 421 licet
880 364 998 431 sancus,
1012 362 1206 439 distinguitur.

129 462 162 517 ld.
183 458 248 538 obj.
263 465 293 518 3.
316 469 337 497 “
348 460 502 532 Nusquam
512 460 543 517 in
553 460 643 517 sacris
653 460 756 517 litteris
769 459 928 527 mandatur,
939 469 970 517 ut
982 459 1121 535 Spiritum
1133 458 1271 517 Saum

100 549 229 622 mnus,
243 553 290 612 sel
304 555 491 622 invocemus3
513 571 607 626 nsque
620 555 707 611 etiam
725 554 812 612 ullum
829 553 1001 612 adorationis
1021 563 1070 612 aut
1082 552 1271 613 invocationis

12 654 16 659 '
95 644 155 707 itus
167 649 333 726 exemplum
348 646 525 707 invenitur.”
548 648 591 706 lta
606 647 826 723 Wolzogenius.

117 748 158 802 Π.
178 743 269 821 Rcap.
291 745 363 812 Quas
378 743 413 802 de
429 743 493 802 Deo
507 742 629 803 colendo
642 743 673 800 in
688 742 844 817 Scripturis
859 741 1014 810 traduntur,
1031 741 1168 818 Spiritum
1183 742 1272 800 Sanc·

89 845 142 906 lum,
155 840 203 912 qui
227 839 310 898 Deus
331 858 397 898 sore
411 834 465 906 eit,
480 839 725 915 complectuntur:
748 857 803 895 nec
828 856 903 914 opus
926 839 976 897 est'
992 848 1025 895 ut
1045 838 1171 914 speciale
1191 837 1273 895 detur

85 932 149 993 illius
168 935 283 995 colendi
303 944 479 1014 praeceptum
495 936 540 993 vel
554 935 731 1011 exemplum.
773 934 848 1012 Ejus
861 935 1003 993 invocatio
1017 934 1101 1010 plane
1115 933 1274 1010 praescribi·

81 1040 124 1098 tor,
136 1050 202 1090 nam
226 1033 387 1108 baptismus
402 1051 437 1091 co
451 1033 593 1100 invocato,
616 1051 682 1090 curn
697 1033 781 1090 Patre
796 1041 825 1089 et
845 1031 931 1099 Filio,
947 1029 1188 1089 administrandus
1207 1040 1270 1099 estt
1319 1091 1326 1103 ‚

79 1144 126 1199 qna
151 1130 261 1187 ratione
287 1129 352 1205 ipse
379 1129 443 1187 sons
467 1129 565 1205 gratias
590 1139 620 1186 et
646 1130 802 1187 sanctitatis
834 1128 951 1205 largitor
974 1128 1145 1201 agnoscitur.
1196 1127 1273 1186 Oon·

76 1220 197 1299 statnon
219 1218 317 1283 omnia
334 1244 400 1298 quse
420 1202 663 1302 praeopimum,
685 1225 729 1283 vel
751 1244 814 1298 quas
836 1233 950 1302 peracta
969 1234 1046 1293 sunt,
1067 1226 1097 1283 in
1118 1222 1288 1302 Scripturis'

74 1318 184 1385 mscrrit
207 1338 273 1391 quas
298 1338 335 1377 ex
359 1319 532 1377 Christiana
556 1320 732 1393 antiquitatis
753 1321 945 1379 consensione
970 1330 1000 1377 at
1018 1339 1073 1378 usu
1101 1319 1171 1378 dum
1193 1321 1275 1378 inno·

70 1424 190 1483 tescunt,
204 1416 374 1475 omnimoda
387 1417 568 1474 veneratione
584 1426 650 1476 sunt
663 1417 844 1494 excipienda.
875 1408 1020 1475 Oaetemrb
1036 1416 1162 1475 Unitarii
1177 1417 1274 1494 Scrip-

71 1511 140 1567 turis
164 1512 397 1588 praecipientibus
423 1511 573 1571 Christum
597 1512 771 1572 adorandum
794 1523 823 1571 et
847 1512 1040 1573 invocandum
1063 1532 1123 1572 non
1147 1513 1273 1580 ceduntr

66 1603 192 1679 ideoque
218 1606 360 1667 immerito
375 1609 511 1684 scriptam
533 1609 679 1686 postulant
692 1611 897 1679 auctoritatem,
912 1628 997 1682 quam
1023 1608 1095 1668 adeo
1115 1610 1273 1686 negligunt.

10 1714 34 1739 '·
67 1700 218 1781 “Objicis
241 1702 346 1771 mihi,'’
372 1704 519 1777 inquiebat
542 1705 613 1764 olim
640 1706 820 1781 Augustinus
844 1705 1008 1763 Maximino
1031 1705 1150 1772 Ariane,
1165 1706 1277 1778 “quod

10 1802 12 1809 '
60 1795 163 1857 dicam
188 1800 331 1876 Spiritum
351 1800 488 1859 Sanctum
513 1801 653 1874 aqualem
667 1819 732 1859 esse
746 1801 832 1860 Filio.
868 1800 944 1858 Dico
958 1799 1053 1877 plane.
1095 1798 1151 1867 Da,
1166 1800 1275 1874 inquis,

72 1895 252 1963 testimonia,
265 1896 315 1954 ubi
329 1895 461 1954 adoratur
474 1897 599 1973 Spiritus
615 1897 758 1955 Sanctus?
788 1897 829 1955 Ut
842 1896 937 1964 video,
948 1896 1016 1955 hinc
1025 1914 1091 1954 eura
1106 1895 1150 1953 sis
1164 1895 1275 1954 ostendi

58 1990 210 2062 aequalem
223 1989 354 2060 Christo,
369 1992 395 2049 ai
409 1991 540 2050 adoratur
554 2003 586 2051 ut
600 1991 745 2052 Christus.
778 1992 844 2052 Jam
857 2010 928 2070 erge
943 1993 1079 2051 confitere
1093 1992 1277 2066 Peniusque·

53 2080 133 2152 lem,
148 2104 236 2158 quem
253 2087 356 2162 tuipse
370 2085 481 2145 adorari
495 2087 640 2145 confiteris
654 2098 686 2145 ut
699 2087 863 2147 I’atrem.'’1

109 2187 158 2241 ⁷8.
185 2181 253 2261 obj.
268 2187 297 2240 4.
320 2191 340 2220 ‘⁴
349 2182 385 2241 In
400 2183 533 2260 plurimis
547 2184 702 2261 Scriptura
716 2186 787 2245 locis
800 2187 924 2263 Spiritus
939 2185 1038 2245 Sancti
1051 2186 1160 2244 mentio
1170 2186 1276 2245 omitti·

58 2277 145 2344 titur,
160 2278 209 2335 ubi
222 2279 287 2355 ejus
302 2279 404 2337 meritis
417 2279 547 2337 facienda
560 2290 637 2338 esset
653 2283 770 2351 mentio,
782 2285 809 2341 si
819 2284 857 2341 sit
871 2283 952 2342 Deus
964 2282 1150 2342 Altissimus:
1165 2291 1198 2340 ut
1207 2299 1274 2340 cunr

65 2370 204 2429 (lbristus
219 2372 308 2431 vitam
322 2382 458 2431 aeterum
471 2373 613 2437 statuitis
633 2374 796 2450 cognitione
820 2374 925 2441 Patris,
940 2381 1087 2446 tamquam
1100 2375 1192 2433 solius
1213 2375 1274 2432 veri

69 2464 137 2536 liei,
152 2477 183 2525 et
194 2468 225 2526 in
239 2469 402 2545 cognitione
422 2468 495 2526 Jasu
520 2467 630 2541 Christi
645 2488 731 2541 quem
750 2469 799 2527 illc
819 2468 908 2526 misit.
929 2469 1015 2526 Joau.
1030 2470 1101 2526 xvii.
1117 2474 1147 2526 8.
1170 2511 1178 2528 .
1202 2510 1210 2526 .
1233 2509 1242 2526 .
1264 2509 1274 2528 .

75 2561 221 2622 lohannes
235 2564 396 2640 Apostolus
409 2564 525 2622 scribit:
548 2563 786 2623 communionem
805 2569 943 2621 nostram
962 2580 1024 2620 saec
1045 2580 1114 2620 cum
1132 2562 1232 2621 Potrc'
1249 2572 1276 2624 ct

75 2655 148 2717 utto
163 2659 230 2737 ejus
243 2657 318 2717 Jeau
334 2658 463 2717 Obristo.
486 2659 510 2718 1.
524 2659 610 2717 Joan.
626 2659 645 2718 i.
662 2663 691 2716 3.
734 2657 796 2715 Our
809 2676 867 2717 non
881 2654 968 2725 addit,
983 2657 1068 2715 etiam
1085 2676 1152 2716 cum
1166 2658 1276 2733 Spiritu

81 2755 190 2830 Sancto,
205 2757 232 2814 si
257 2757 321 2833 ipse
335 2773 450 2830 quoque
471 2765 517 2814 est
536 2756 617 2815 Deus
639 2756 788 2815 summust
829 2754 918 2813 Item:
944 2753 979 2812 Si
1001 2753 1035 2812 in
1054 2753 1138 2813 nobis
1157 2764 1278 2815 moneat

79 2851 150 2925 quod
160 2851 324 2911 audivistis
337 2851 375 2915 ab
389 2851 488 2920 initio,
504 2858 533 2910 et
545 2869 598 2910 voa
612 2851 647 2910 in
660 2851 740 2911 lotio
755 2857 785 2910 ct
803 2849 897 2910 Patre
917 2849 1085 2909 manebitis.
1107 2849 1132 2908 1.
1146 2847 1231 2909 Joan.
1243 2851 1275 2910 ii.

20 2976 29 2991 ·
84 2949 124 3005 tt.
163 2946 299 3007 Ournon
313 2948 400 3007 etiam
415 2947 444 3005 in
466 2948 577 3024 Spiritu
597 2949 725 3008 Sancto!
766 2948 801 3007 In
815 2947 993 3028 Apocalypsi
1013 2946 1137 3007 Joannis
1159 2947 1273 3017 dicitur,

88 3051 331 3110 conmmeatum,
340 3037 404 3114 quis
417 3060 553 3115 umquam
564 3041 689 3111 suerunt,
699 3042 826 3102 dixisse:
845 3041 964 3102 Scdosti
974 3042 1008 3101 in
1017 3042 1134 3113 throno,
1147 3051 1175 3103 ct
1183 3043 1275 3124 Aguo
1324 3050 1332 3060 '

87 3130 238 3204 bendictio,
251 3145 278 3195 ct
291 3135 394 3206 bonor,
408 3143 439 3195 ct.
445 3135 556 3214 gloria,
568 3143 594 3194 et
606 3138 696 3196 robor
707 3139 740 3198 in
749 3137 857 3198 secula
868 3138 1053 3199 seculorum.
1076 3143 1168 3217 Apoc.
1182 3146 1211 3199 5.
1226 3146 1273 3200 13.

91 3224 138 3287 Cur
149 3250 205 3290 non
219 3231 347 3294 dietum:
370 3234 458 3300 Patri,
473 3242 502 3290 et
522 3232 609 3301 Filio,
624 3243 653 3292 et
671 3235 791 3310 Spiritui
812 3234 938 3293 Sancto:
959 3236 1001 3293 uti
1014 3236 1101 3297 hodic
1114 3238 1146 3297 iu
1161 3238 1275 3315 templis

92 3327 178 3383 motari
191 3326 267 3385 solet
278 3327 312 3384 i’'
353 3327 397 3385 lta
411 3326 631 3403 Wolzogenius.

120 3422 162 3477 te.
181 3419 273 3499 Resp.
295 3422 393 3488 Quum
408 3422 503 3490 Pater,
520 3433 549 3479 ct
563 3422 666 3488 Filius,
681 3431 710 3479 ct
724 3421 848 3497 Spiritus
863 3422 986 3479 Sanctus
1006 3441 1097 3483 unum
1111 3426 1180 3492 sint,
1194 3444 1276 3487 num·

92 3525 256 3584 quotanus,
271 3517 389 3585 alterve,
405 3516 576 3584 excluditur,
591 3517 640 3574 ubi
661 3514 696 3574 de
718 3516 815 3575 diuina
833 3516 990 3580 substantia
1008 3527 1052 3576 est
1071 3535 1187 3578 sermot
1210 3537 1273 3593 quar

94 3602 205 3679 igiturde
228 3614 324 3680 Patre,
347 3612 392 3670 vel
406 3613 482 3670 Filio
504 3599 645 3680 dicuntur,
661 3614 789 3694 exceptis
809 3613 1007 3690 personalibus
1028 3615 1224 3684 relationibus,
1239 3614 1275 3674 dc

93 3695 300 3773 Spiritu'Sancto
314 3708 399 3767 etiam
414 3708 598 3785 intelligenda
612 3719 687 3765 sunt.
731 3708 776 3764 De
790 3708 952 3784 cognitione
967 3709 1095 3784 Spiritus
1111 3710 1209 3768 Sancti
1227 3712 1276 3770 ob-

91 3790 152 3864 jecto
163 3803 224 3863 loco
239 3801 360 3862 Josnnis
375 3805 483 3872 siletur,
497 3804 549 3862 sed
563 3823 626 3862 eam
641 3805 726 3862 etiam
739 3805 846 3877 requiri
861 3822 899 3861 cx
910 3803 1032 3863 formula
1045 3805 1210 3882 baptizandi
1219 3807 1276 3865 col·

94 3883 191 3963 ligitur:
206 3911 379 3977 quapropter
400 3900 585 3958 vehementer
608 3902 724 3959 miratus
751 3909 795 3958 est
819 3900 927 3959 Paulus
942 3898 1081 3974 quosdam
1095 3918 1128 3958 se
1148 3901 1276 3978 profiteri

95 3980 244 4070 discipulos,
259 3997 308 4070 qui
322 4006 415 4056 utrum
431 3997 555 4074 Spiritus
571 3997 693 4056 Sanctus
708 4007 785 4057 essct
799 3998 991 4075 ignorabaut²
1031 3997 1276 4059 communionem

375 4237 413 4297 (1)
431 4233 496 4298 Aug.
508 4234 524 4283 l.
536 4233 570 4283 iii.
581 4240 667 4285 contra
676 4233 745 4284 Max·
757 4249 779 4285 c.
791 4237 815 4283 a.
