2744 5024
313 250 381 344 ‘ne
400 275 610 355 nononurr
632 281 809 345 oennnrr
830 278 1006 343 rrnnrro.
1206 280 1264 338 oss

61 433 173 494 tatione
184 448 299 514 moguir,
310 448 340 496 et
347 439 576 498 le'verunt'stolas
587 450 664 508 sues,
676 450 705 498 et
718 439 919 498 dealbaverunt
931 456 980 496 eae
994 433 1174 511 insanguine
1187 433 1265 510 egui,

61 529 133 589 ideo
144 542 211 590 runt
225 545 290 591 aute
303 533 438 593 thronum
453 534 556 594 Dei.''¹
595 535 680 602 Quod
700 536 786 612 igitur
806 545 921 610 propter
934 531 1084 595 Obr‘nnm
1098 527 1178 606 peri
1197 528 1264 596 siut·

61 644 154 683 neusa
165 638 211 684 eet
223 628 321 704 glorie
335 647 393 701 que
405 629 544 689 fruuntur.

105 724 177 781 417.
200 722 338 781 Hortatur
352 723 485 781 Christus
500 725 622 783 famulos
634 743 702 783 suos
713 735 745 782 ut
753 725 901 783 virtutibus
912 723 1013 782 sedulo
1025 729 1129 781 nerent
1139 735 1265 797 opernm,

61 817 200 875 mercede
214 836 334 894 operum
347 822 424 876 eertb
439 820 677 879 remunerandorz
701 821 790 887 “Qui
806 821 903 897 justus
914 829 959 877 est
968 818 1140 895 justifioetur
1154 814 1266 873 adbuc:
1343 835 1346 840 ·

61 921 225 970 etractus
239 913 431 970 sanctificetur
444 914 547 972 edhne.
569 915 650 972 Eone
664 916 748 973 venio
762 914 829 982 eud,
842 924 871 973 et
884 931 994 973 meroes
1006 931 1071 972 mee
1084 928 1199 970 meeum
1212 919 1266 975 est,

61 1006 186 1066 reddere
199 1010 354 1081 unicuique
365 1010 522 1070 seeundum
536 1029 624 1088 opero
635 1010 736 1069 eue.’'¹
765 1008 829 1069 lmo
844 1011 912 1069 dicit
926 1028 977 1069 eos
994 1011 1043 1086 jue
1057 1008 1162 1067 bebere
1176 1015 1205 1064 et
1217 1023 1268 1082 po·

61 1109 200 1160 testatem
221 1104 251 1160 in
273 1103 382 1179 lignum
401 1105 477 1173 rite,
492 1107 603 1164 scilicet
623 1106 654 1163 in
679 1107 771 1182 ipsam
797 1106 885 1164 vitem
903 1114 1056 1163 eternam:
1079 1102 1195 1159 “Beati
1218 1102 1268 1173 qui

61 1193 164 1254 levant
177 1196 264 1252 stolas
280 1214 346 1254 snos
361 1197 544 1275 insanguine
558 1200 643 1276 agni;
658 1211 689 1257 ut
701 1201 740 1257 sit
753 1209 879 1278 potestne
893 1217 993 1258 eorum
1014 1199 1045 1256 in
1064 1197 1144 1274 ligno
1158 1193 1271 1254 ritoe.”⁸

68 1299 93 1326 ⁴‘
105 1289 184 1374 Ηιιίο1
198 1292 392 1360 testimonio‚’'
408 1295 502 1367 inquit
523 1290 745 1363 Bulins‚'“eddi
766 1306 887 1374 possunt
898 1296 997 1354 omnio
1011 1294 1060 1352 illa
1079 1293 1148 1351 novi
1168 1291 1270 1351 Testa-

68 1387 159 1444 menti
173 1387 246 1454 loca,
262 1387 291 1444 in
315 1388 419 1459 quibus
441 1391 528 1448 vitem
551 1400 684 1450 eternam
707 1412 723 1448 a
743 1391 808 1449 Deo
830 1391 963 1467 operibus
985 1388 1089 1446 nostris
1104 1405 1142 1444 ex
1158 1386 1271 1462 justitia

63 1479 130 1538 deri
148 1479 228 1538 olere
248 1482 392 1549 asseritur,
407 1487 426 1539 2
448 1484 557 1541 Thess.
573 1485 593 1540 i.
608 1490 638 1544 7.
670 1485 802 1544 Hebri.
819 1489 866 1542 10.
901 1483 941 1541 ΙΙ.
957 1483 1037 1540 Tim.
1060 1482 1101 1537 ir.
1119 1485 1169 1545 8.,
1191 1480 1270 1537 Hine

75 1574 152 1634 enim
166 1576 209 1633 sie
223 1576 291 1633 lieet
302 1579 511 1654 argumentari:
533 1579 559 1636 si
572 1598 681 1639 meroes
696 1582 759 1639 vitae
772 1592 883 1639 eterne
894 1578 1028 1656 operibns
1042 1575 1148 1636 nostrie
1162 1592 1199 1633 ex
1208 1575 1270 1651 jus-

76 1669 132 1728 titia
145 1671 237 1738 detur,
252 1690 320 1748 ergo
333 1689 370 1729 ex
384 1673 519 1748 operibus
533 1676 637 1733 nostris
654 1677 703 1752 jus
718 1676 753 1733 nd
767 1675 929 1734 mercedem
949 1674 1033 1731 istam
1047 1669 1269 1742 consequimurt

71 1767 141 1842 (trie
154 1768 265 1827 seilicet
280 1769 341 1846 jus,
355 1769 433 1842 quod
447 1772 477 1829 in
491 1772 621 1847 gratioso
630 1753 687 1833 Dei
701 1792 753 1851 per
766 1773 917 1831 Christum
931 1768 1038 1828 foedere
1053 1766 1270 1827 fundamentum

67 1872 157 1921 ‘snum
171 1863 256 1921 nniee
269 1864 384 1943 hebeat)
396 1876 464 1924 sunt
478 1846 711 1956 recensum
722 1871 764 1925 καὶ
783 1866 921 1936 uerti-pope
960 1862 1019 1920 Oui
1031 1878 1142 1918 meroes
1156 1878 1193 1918 ex
1209 1860 1272 1935 jue·
1359 1937 1362 1951 ,

75 1957 134 2015 titio
145 1957 238 2027 detur,
253 1959 301 2017 ille
318 1961 368 2037 jus
381 1961 419 2019 ed
432 1962 594 2021 mercedem
609 1962 686 2020 illem
700 1961 801 2018 habeat
815 1970 934 2019 ne‘eeese
954 1968 1010 2026 est,
1024 1958 1127 2015 otrico
1142 1954 1271 2014 verse.”⁴
1329 1986 1333 1997 =

76 2050 182 2127 Mirum
195 2055 302 2127 estqui
317 2054 379 2114 heo
392 2057 507 2133 scripsit
521 2056 701 2116 Catholioem
715 2055 751 2114 de
766 2056 867 2116 merito
888 2054 1043 2113 doctrinam
1063 2051 1131 2110 aiibi
1144 2067 1270 2127 corpere.

111 2146 266 2207 Probatur
280 2148 324 2208 II.
340 2167 377 2208 on
389 2150 546 2212 Patribus.

107 2245 180 2300 418.
203 2243 236 2300 S.
262 2244 407 2306 leusrrue
423 2248 468 2306 M.
491 2249 616 2307 “Sinite
639 2268 685 2309 me
704 2258 737 2307 nt
757 2249 910 2311 bestiarum
934 2265 1001 2306 esee
1021 2247 1088 2313 sim,
1110 2262 1161 2322 per
1185 2260 1270 2316 quam

75 2338 184 2415 poesin
198 2335 295 2398 Deum
307 2340 548 2417 adipisen’ss-n'
560 2349 591 2399 ὢν
602 2347 639 2409 est
650 2348 705 2402 θεοῦ
713 2345 853 2410 ἐπαυχεῖν.

109 2437 179 2491 419.
203 2434 235 2491 S.
250 2433 414 2496 Jnsnrnns:
436 2447 458 2477 ‘⁴
470 2439 576 2497 Edocti
591 2457 609 2495 a
629 2439 777 2514 prophetis
798 2458 898 2516 poenes
912 2449 942 2497 et
954 2437 1107 2515 supplicia,
1122 2456 1155 2495 se
1175 2436 1266 2495 bones

75 2528 313 2588 remunerationes
328 2550 380 2608 pro
394 2534 502 2592 meritis
517 2535 655 2609 cujusque
669 2524 813 2592 actionum
826 2535 954 2609 irrogari,
970 2549 1069 2588 rerum
1083 2529 1114 2587 id
1127 2548 1192 2586 esse
1204 2549 1272 2612 oon-

76 2618 254 2678 brmemus.”
273 2625 535 2700 ωςόφθιιςᾶμοίβος
544 2625 603 2680 κατ’
621 2624 748 2685 dieseon
764 2625 870 2695 προξεων
886 2624 982 2693 {sared
1023 2631 1042 2658 ‘⁴
1053 2621 1134 2686 Quos
1158 2621 1274 2693 quidem

75 2709 216 2792 ri'dignos
231 2733 263 2773 se
283 2733 335 2792 per
351 2731 439 2791 opera
457 2713 535 2771 illius
556 2710 678 2769 oonsilio
699 2730 733 2768 ae
747 2711 885 2770 voluntati
903 2715 1095 2782 exhibuerint,
1118 2714 1271 2790 adepturos

76 2811 246 2888 menpimnu¹
261 2819 293 2868 ut
312 2828 379 2868 eum
399 2826 435 2867 eo
455 2807 568 2885 degant,
588 2816 672 2880 atque
687 2826 742 2865 una
762 2820 881 2886 regnent
893 2811 1083 2888 corruptionis
1103 2819 1133 2867 et
1151 2827 1268 2886 perpes·

72 2907 161 2967 sionis
183 2905 363 2985 expertes.'’⁷

107 3009 182 3062 420.
205 3003 405 3070 S.1nrrrrnns,
426 3001 549 3059 recitatis
564 3001 648 3059 Pauli
662 3001 755 3059 verbis
769 3002 805 3059 de
826 3021 918 3079 egone
939 3021 1011 3062 sunt
1034 3002 1164 3061 “Bonus
1185 2990 1276 3077 igitur'

70 3098 213 3177 agentium,
225 3097 260 3156 ed
274 3096 470 3174 inoormptele
485 3113 605 3172 agonem
628 3095 790 3155 adhortatur
811 3116 875 3166 nos,
887 3099 928 3157 nti
950 3115 1139 3176 coronemur·;
1161 3104 1190 3155 et
1210 3113 1272 3172 pre·

67 3190 176 3251 tioeom
191 3193 357 3250 arbitremur
370 3209 514 3258 eoronam,
530 3190 662 3249 videlieet
677 3210 740 3264 qnae
761 3211 814 3271 per
833 3213 955 3271 agonem
970 3193 1052 3253 nobis
1068 3189 1273 3265 aequiritur.’'⁸

108 3292 182 3346 421.
205 3287 237 3346 S.
268 3286 461 3345 Gnrnrerrns:
494 3287 643 3346 “Iustitie
667 3306 740 3366 opus
765 3299 818 3359 eet,
843 3300 875 3349 nt
902 3290 1060 3369 promereri
1084 3289 1151 3362 quis
1179 3287 1273 3363 possit
1321 3336 1335 3347 ..

64 3377 190 3443 Deum:
214 3385 365 3460 preceptis
379 3385 442 3460 ejus
457 3393 486 3442 et
498 3380 614 3443 monitis
628 3385 882 3461 obtemperandum
898 3398 952 3465 est,
968 3397 999 3447 ut
1011 3388 1152 3463 accipient
1173 3387 1273 3446 merita

61 3489 171 3540 nostra
184 3478 396 3538 mercedem.”⁹

107 3674 153 3738 (ι)
174 3671 303 3736 Apssvu
317 3673 356 3720 ιι.

109 3757 153 3822 (e)
173 3756 235 3805 reru.
249 3755 310 3805 xxii.
324 3759 363 3803 ιι.

107 3842 150 3907 (0)
170 3840 231 3890 lbid.
249 3840 289 3888 14.
312 3837 436 3906 Ἶαιίιξωι
446 3839 529 3890 ieotio:
548 3838 644 3888 oodioee
662 3839 786 3898 nonnulli„
797 3853 859 3902 qnos
875 3838 984 3902 seqnitur
1002 3837 1118 3900 Vulgata,
1136 3836 1234 3888 hebent:
1251 3839 1275 3890 ὁι

64 3924 205 3986 meismes
214 3923 260 3985 eds
269 3938 341 3988 genes
350 3927 441 3978 αὑτῶν.
476 3922 609 3974 Griesbem
619 3937 775 3972 communem
786 3923 914 3974 lectionem
924 3923 1034 3989 prefert:
1050 3925 1074 3976 ὀι
1092 3922 1216 3984 nordwrrr
1231 3937 1276 3983 ror

68 4023 172 4081 esrom
180 4009 266 4064 ἄντοῦ.

112 4095 154 4161 (4)
174 4093 312 4144 Hermonis
322 4094 471 4159 Apostoliee,
481 4094 539 4146 dies.
549 4093 621 4160 prior.
632 4108 646 4142 e
657 4092 690 4142 ri.
702 4095 716 4153 §
732 4095 771 4142 11.
879 4102 882 4106 ·

97 4180 159 4245 ,(5)
178 4179 226 4242 Bp.
238 4178 269 4228 ed
286 4178 358 4227 Rom.

111 4264 153 4330 (0)
173 4264 247 4328 Apol.
258 4263 277 4312 i.
289 4278 315 4312 n.
326 4264 368 4312 43.

118 4350 160 4415 (7)
179 4349 215 4398 Ib.
227 4365 252 4397 n.
264 4348 303 4397 10.

114 4435 156 4500 (8)
175 4434 206 4484 1..
217 4433 249 4483 in.
260 4449 282 4482 o.
293 4432 362 4483 lxxii.

114 4519 158 4591 (0)
178 4519 209 4570 1..
222 4519 252 4569 de
265 4519 334 4571 Unit·
346 4517 415 4572 Eool.
