2730 5018
360 253 646 333 numerurm
669 258 976 335 CERTITUDINE.
1208 261 1271 324 Μ

66 432 121 487 que
143 410 264 492 peccati
279 417 338 475 sibi
349 417 483 476 conscius
498 426 567 485 erat,
582 415 633 475 sed
647 418 716 490 quia
734 418 858 494 legerat:
883 417 1013 477 ‘Delicta
1025 420 1091 491 quis
1106 416 1269 495 intelligitt’

63 509 173 570 idcirco
189 513 365 589 temperabat
376 513 538 580 seientiam,
552 530 588 570 ne
603 512 674 570 forte
691 532 741 588 per
761 512 947 589 ignorantiam
963 512 1185 584 deliquisset.”²“

102 612 176 666 271.
197 607 368 684 Apostolus,
382 601 424 689 nil
438 608 493 664 sibi
508 607 652 674 conscius,
667 606 765 664 divino
779 626 811 665 ee
825 618 919 665 servat
935 606 1057 684 judicio,
1068 608 1157 665 veluti
1171 607 1269 665 formi-

65 701 137 761 dans
152 721 191 762 ne
204 704 320 781 culpam
334 703 460 776 aliquam
476 702 557 760 Deus
571 704 602 761 in
616 722 647 761 se
662 704 799 779 reperiat:
825 703 939 760 “Nihil
954 703 1025 761 mihi
1039 704 1171 761 conscius
1192 720 1267 768 sum,

63 799 115 857 sed
140 819 203 859 non
224 801 255 859 in
277 801 338 858 hoc·
350 799 524 876 justificatus
539 818 622 856 sum:
645 801 695 872 qui
708 811 802 857 autern
820 799 930 876 judicat
943 819 1001 867 me,
1016 800 1160 858 Dominus
1175 797 1268 856 est.”⁹

62 894 275 953 Animadvertit
303 888 551 971 chrysostomus:
589 895 691 952 “Non
717 894 884 953 Corinthios
913 905 1028 962 tantam,
1053 893 1104 952 sed
1132 896 1261 971 seipsum

64 1009 182 1064 quoquc
196 991 254 1049 hoc
268 992 360 1068 privat
376 988 498 1066 judicio,
513 989 591 1062 quod
605 991 768 1066 cognitione
782 1009 835 1049 eus
850 992 941 1067 majus
956 990 1122 1049 hahetur.’'⁸
1155 991 1268 1065 Augus·

64 1085 141 1142 tinus
166 1086 272 1158 etiam:
293 1071 325 1122 ‘⁴‘
335 1085 449 1151 Quanta
470 1085 593 1161 abyssus
618 1087 655 1143 sit
676 1086 787 1143 audite:
810 1095 916 1143 tantam
940 1085 1161 1161 profunditatem
1181 1084 1274 1143 credit·

65 1197 129 1236 esse
144 1180 176 1237 in
190 1179 320 1249 homine,
333 1179 491 1252 quaelatest
504 1179 599 1255 ipsum
615 1178 767 1255 hominem
778 1181 806 1239 iu
821 1199 878 1253 quo
893 1181 949 1238 esti
959 1199 1023 1239 curn
1038 1181 1114 1238 enim
1130 1179 1268 1238 dixisset:

65 1275 171 1333 ‘Nihil
184 1275 258 1333 mihi
272 1275 406 1334 conscius
420 1274 507 1342 sum,’
523 1273 636 1351 adjecit,
653 1275 726 1332 ‘sed
742 1295 800 1333 non
814 1276 845 1332 in
859 1276 914 1332 hoo
930 1277 1105 1351 justificatus
1119 1274 1232 1332 sum.”⁴

104 1375 176 1429 272.
199 1371 299 1429 Patres
314 1371 424 1448 passim
444 1380 574 1429 sanctum
596 1372 729 1429 timorem
745 1370 779 1428 de
800 1370 906 1428 divinis
924 1369 1042 1447 judiciis
1056 1370 1269 1437 commendant,

64 1482 224 1536 numquam
239 1464 358 1524 omuino
372 1474 479 1523 certam
490 1465 668 1524 remissionis
682 1476 864 1542 peccatorum
876 1465 1103 1541 persuasionem.
1131 1458 1181 1522 Sic
1197 1464 1269 1522 Cre·

64 1560 163 1637 gorius
178 1560 307 1637 Magnus
322 1560 471 1637 Gregoriae
485 1561 664 1619 cubiculariae
679 1563 827 1638 hugustae,
843 1579 905 1634 quae
926 1560 1130 1618 revelationem
1146 1558 1181 1617 de
1203 1577 1268 1634 pec·

66 1655 134 1711 eatis
150 1656 207 1713 sibi
221 1656 349 1714 remissis
364 1657 506 1733 cupiebat,
528 1657 694 1734 respondit:
718 1658 858 1716 “Secura
873 1655 909 1714 de
923 1656 1049 1733 peccatis
1064 1656 1120 1713 tuis
1134 1655 1196 1713 fieri
1211 1674 1273 1714 non·

65 1747 163 1833 debes,
190 1752 247 1809 nisi
271 1771 338 1811 cum
353 1753 415 1830 jam
439 1753 471 1811 in
495 1752 542 1811 die
566 1754 631 1810 vitae
657 1761 711 1810 tuae
734 1753 835 1811 ultimo
857 1753 992 1830 plangere
1023 1750 1123 1809 eadem
1153 1761 1268 1826 peccata

65 1845 186 1904 minime
200 1847 319 1905 valebis.
360 1847 432 1913 Quae
447 1848 509 1905 dies
525 1866 676 1926 quousque
691 1849 795 1919 veniat,
811 1867 924 1924 semper
938 1856 1081 1924 suspecta,
1082 1846 1205 1923 {semper
1217 1854 1275 1903 tre-⁴

64 1941 141 2018 pida,
156 1952 285 2001 metuere
300 1943 399 2019 culpas
411 1922 509 2011 debes,
525 1952 608 2016 atque
622 1961 671 2000 eas
686 1944 858 2016 quotidianis
870 1944 983 2003 fletibus
994 1943 1110 2043 lavare)
1113 1942 1135 1978 '⁵
1155 1942 1268 2000 Similia
1304 1961 1307 1972 ’

64 2038 220 2113 scripserat
233 2038 309 2096 olim
317 2038 529 2096 Ambrosius
504 2040 607 2115 virgini
621 2039 726 2115 lapsae

104 2137 179 2192 27³.
202 2132 321 2191 Accedit
340 2134 411 2192 ratio
426 2134 595 2210 theologice.
639 2134 736 2193 Nemo
751 2143 845 2210 potest
866 2134 1032 2193 certitudine
1053 2134 1120 2192 fidei
1135 2152 1221 2193 nosse
1236 2078 1266 2192 id
1285 2157 1287 2160 ⁴

47 2249 50 2255 ¹
65 2226 177 2300 quod'
157 2246 195 2285 ns
208 2228 394 2305 suspenditur
404 2229 625 2298 conditionibus,
638 2249 708 2303 quas
723 2229 798 2288 certd
811 2248 905 2287 nosse
908 2231 1007 2304 nequit
1017 2231 1160 2307 impletas:
1171 2230 1266 2306 gradec

66 2329 161 2379 autem
175 2324 341 2383 consecutio
354 2323 461 2400 pendet
474 2343 511 2382 ex
525 2325 614 2382 nuimi
634 2326 800 2401 poenitentia
822 2325 943 2393 sincera,
958 2325 1079 2399 aliisque
1099 2325 1274 2385 munitioni--

29 2457 31 2463 ,
66 2413 131 2484 hue,
148 2413 185 2473 ds
199 2416 307 2491 quihus
316 2418 442 2496 impletis
456 2419 609 2492 nequimus
623 2437 688 2476 esse
703 2420 824 2479 omnino
836 2421 915 2477 certi.

561 2590 769 2631 omncrlortne.

101 2728 175 2786 274.
202 2724 274 2803 obj,
286 2730 312 2784 1'.
336 2724 441 2803 “Ipse
457 2727 583 2804 Spiritus
607 2728 803 2787 testimoninm
816 2727 909 2785 reddit
928 2728 1041 2804 spiritui
1055 2733 1163 2794 nostro,
1185 2728 1263 2800 quod

64 2821 232 2880 sumusfilii
245 2821 351 2880 Dei.”⁸
390 2822 425 2881 ln
440 2841 503 2896 quae
517 2825 602 2882 verba
623 2823 851 2899 chrysostomus
872 2820 987 2881 scribit':
1010 2823 1116 2880 “Cum
1139 2823 1262 2898 Spiritus

64 2918 188 2977 Sanctus
211 2927 339 3005 testatur,
353 2937 418 2993 quae
433 2920 546 2979 tandem
572 2930 616 2978 est
636 2921 805 2997 ambiguitas
818 2919 865 2976 t”⁷
905 2920 1067 2978 Bernardue
1088 2928 1184 2977 autem
1207 2920 1266 2976 ait:¹

65 3013 161 3073 “*Hoo
185 3022 230 3072 est
251 3016 450 3085 testimouium·
466 3017 543 3090 quod
566 3017 696 3093 perhibet
715 3018 745 3074 in
765 3016 850 3075 corde
872 3026 969 3075 nostro
990 3017 1114 3093 Spiritus
1128 3017 1268 3083 Sanctus,

63 3106 180 3177 deense
202 3109 331 3169 Dimissa
343 3120 410 3169 sunt
423 3112 473 3170 tibi
493 3123 619 3188 peccata.
662 3113 711 3170 Sic
726 3113 809 3170 enirn:
824 3113 973 3171 arbitratur
992 3112 1160 3187 Apostolus,
1175 3112 1261 3187 gratis

60 3205 213 3280 justificari
228 3206 375 3266 hominem
389 3227 441 3284 per
454 3208 587 3267 fidem.''⁸

98 3305 171 3360 275.
193 3298 282 3378 Resp.
304 3304 471 3379 Apostolus,
495 3315 526 3363 ut
542 3306 604 3382 jam
625 3304 763 3372 diximus,
777 3306 809 3363 in
830 3324 865 3364 eo
888 3315 932 3362 est
954 3315 985 3363 ut
1002 3303 1132 3363 ostendat
1152 3303 1262 3362 Christi

62 3395 163 3455 fideles
184 3406 282 3456 sancte
295 3416 328 3456 se
351 3418 448 3476 gerere
473 3400 587 3469 debere,
602 3420 691 3473 quum
712 3402 765 3458 filii
779 3402 837 3459 sint
857 3402 924 3469 Dei,
940 3402 1061 3476 ideoque
1075 3402 1138 3477 ejus
1160 3402 1261 3478 spiritu

62 3494 110 3568 agi
121 3492 254 3553 debeant.
277 3558 280 3565 ,
296 3497 365 3555 Νοιι
379 3497 449 3556 dicit
461 3499 599 3574 Spiritum
614 3497 769 3569 unicuique
783 3499 877 3554 testari
892 3515 924 3555 se
940 3516 1004 3554 esse
1022 3498 1113 3554 filium
1129 3497 1195 3563 Dei,
1210 3497 1261 3555 sed

63 3589 172 3660 “quod
185 3607 286 3649 sumus
299 3589 352 3649 filii
365 3592 453 3660 Dei,’'
467 3593 576 3652 scilicet
590 3592 747 3650 Christiani
761 3610 862 3650 omnes
876 3610 935 3649 snae
950 3592 1106 3658 vocationis
1128 3591 1263 3647 ratione.⁸

63 3683 108 3741 De
121 3684 186 3743 hac·
197 3686 360 3763 adoptione,
372 3707 429 3762 qua
444 3689 553 3748 Christi
578 3688 713 3766 discipuli
734 3689 769 3746 ab
793 3688 925 3746 Hehraeis
946 3688 1156 3764 distinguimur,
1171 3686 1224 3743 filii
1245 3704 1268 3740 a,

94 3843 134 3902 (ι)
152 3839 218 3890 Disl.
228 3841 255 3892 ii.
262 3850 348 3894 contra
359 3844 450 3907 Pelsg..

94 3927 134 3986 (2)
154 3923 175 3973 1.
189 3923 247 3975 Cor.
257 3925 291 3976 iv.
301 3928 333 3977 t..

94 4011 134 4069 (3)
152 4009 182 4058 In
194 4010 240 4060 loc.

94 4093 184 4156 (4)—In
195 4094 237 4144 Ps.
248 4095 292 4145 xli.

94 4180 133 4239 (ὁ)
152 4176 184 4234 11,
193 4178 226 4228 ri.
236 4194 275 4244 ep.
286 4183 336 4229 ιιι.

93 4265 134 4326 (ιθ)
152 4262 224 4313 Rom.
236 4264 332 4314 vimis·

12 4366 15 4373 ·
93 4351 133 4410 t'l)
151 4349 228 4399 Hom.
239 4350 369 4414 xininsp.
382 4350 413 4401 sd
423 4350 494 4401 Rom

95 4437 135 4495 ιθ)
152 4433 229 4483 Serm.
240 4434 257 4484 i.
268 4435 299 4484 de
310 4433 424 4486 Annunt.

94 4519 134 4578 (9)
151 4517 305 4581 Mseknight,
312 4521 385 4584 juxta
395 4521 445 4572 vim
454 4521 544 4571 Grecos
555 4521 629 4582 vocis,
640 4528 735 4574 textum
746 4522 837 4576 reddit:
854 4530 869 4557 ‘⁸
877 4524 919 4577 tho
935 4524 1004 4591 spirit
1020 4524 1088 4576 itsell
1099 4523 1198 4576 bearsth'
1207 4524 1269 4577 wie·

58 4616 116 4654 nese
133 4603 244 4672 together
254 4604 532 4674 unicorniorum-t
542 4623 581 4660 we
597 4625 638 4660 ιιι
649 4609 759 4664 children
775 4613 805 4662 ol
817 4611 898 4663 God.”
931 4613 1041 4664 Alterum
1057 4613 1193 4663 versionem
1213 4627 1265 4665 nou
