2744 5024
244 282 303 346 DE
325 283 592 346 ANGELORUM
614 285 788 346 NATURA
808 283 1082 346 eunomus.
1110 226 1134 263 l
1224 287 1263 342 08

256 640 411 721 PARS.
434 643 513 721 tv.
556 642 1067 724 PNEUMATOLOGIA.

143 935 269 996 CAPUT
290 937 315 995 l.
358 936 415 995 DE
437 936 706 997 ANGELORUM
728 939 903 997 NATURA
923 937 982 998 ET
1003 939 1194 1000 DOTIBUS.

125 1111 175 1167 178.
195 1110 401 1187 “Angelorum
416 1113 618 1182 vocabulum,”
634 1115 675 1172 uti
689 1124 766 1172 recte
781 1110 979 1170 animadvertit
991 1112 1026 1169 S.
1041 1113 1199 1189 Gregorius
1216 1113 1260 1172 M.

92 1209 194 1263 ‘'nuneo
204 1215 249 1263 est
262 1206 363 1274 officii,
375 1225 435 1264 non
448 1209 603 1266 naturae.'‘¹
643 1217 752 1280 Αγγελος
772 1210 886 1276 Gracc,
901 1190 1016 1318 Ἱεψῃ
1030 1207 1173 1266 Hebraico
1186 1226 1262 1267 nun·

91 1317 133 1376 tina
143 1322 245 1390 dicitur,
261 1342 319 1396 quo
334 1325 451 1381 nomine
464 1326 608 1402 praecipue
623 1326 763 1402 designati
783 1335 850 1384 runt
863 1328 991 1386 caelestes
1006 1325 1134 1402 spiritus,
1149 1326 1199 1398 qni
1220 1326 1262 1384 di·

37 1456 41 1471 .
88 1413 146 1472 viras
158 1435 200 1473 res
210 1418 376 1476 hominibus
390 1420 580 1478 nuntiabant.³
599 1421 705 1479 Extitit
719 1421 792 1498 apud
804 1421 1012 1480 Judaeessecta
1026 1419 1260 1488 Sadducaeorum,

37 1502 39 1509 ’
87 1510 245 1588 qniangelos,
257 1514 417 1589 spiritusve
426 1514 536 1587 aliquos
548 1516 670 1574 existere
682 1517 839 1592 negabant:
863 1526 883 1553 ‘⁴
896 1516 1047 1574 Sadducaei
1059 1516 1136 1573 enim
1148 1514 1259 1573 dicunt,

83 1617 126 1661 non
142 1621 199 1662 esse
222 1608 470 1676 resurrectionem,
488 1628 582 1682 neque
604 1611 747 1687 angelum,
771 1630 865 1683 neque
890 1612 1022 1687 spiritum
1034 1615 1058 1668 :¹
1087 1611 1258 1669 Novissime

83 1694 139 1756 hand
159 1701 308 1760 defuerunt
320 1703 396 1761 inter
411 1705 612 1763 Rationalistas
627 1707 800 1773 Germanos,
816 1707 867 1778 qui
878 1708 996 1783 angelos
1012 1707 1134 1764 existere
1149 1707 1258 1763 inficia-

80 1804 170 1863 reotur3
185 1816 248 1870 quae
263 1797 298 1855 de
313 1798 349 1856 iis
363 1810 431 1857 eunt
443 1800 520 1858 dicta
532 1800 567 1858 ad
583 1802 727 1876 poeticum
741 1809 872 1859 ornatum
883 1810 912 1858 et
925 1801 1075 1876 allegorias
1088 1800 1256 1857 referentes.

78 1888 201 1952 (laterum
210 1895 240 1952 in
248 1896 330 1953 libris
342 1896 485 1956 historicis
498 1899 601 1956 veteris
611 1899 736 1970 novique
747 1897 911 1955 testamenti
926 1897 1092 1972 angelorum
1102 1897 1135 1952 fit
1143 1895 1252 1954 mentio

81 1990 266 2068 unallegoriae
280 1991 361 2051 locus
376 1993 462 2052 estin
485 1995 639 2071 plerisque.
683 1994 729 2053 De
743 1994 780 2050 iis
801 1993 907 2069 saepius
928 1992 1042 2052 locutus
1057 2000 1101 2050 eet
1122 1991 1259 2051 Christus

81 2078 226 2143 Dominus.⁴
268 2086 345 2144 Tota
366 2089 512 2164 Scriptura
531 2089 686 2165 locupletia
707 2089 814 2165 praebet
835 2089 1088 2161 testimoniaque
1109 2103 1258 2146 recensere

83 2195 126 2239 uon
136 2192 220 2240 vacat.
264 2183 460 2243 Vehementer
473 2187 559 2262 igitur
569 2187 672 2244 errarit
686 2186 864 2255 Hobbesius,
877 2205 1008 2243 asserens
1023 2194 1043 2222 ‘⁴
1053 2185 1197 2262 angelum,
1213 2187 1259 2245 vel

82 2279 188 2336 nuntium
203 2299 218 2337 a
233 2278 377 2337 Decesse
392 2300 478 2339 omne
493 2282 531 2349 id,
547 2301 598 2358 per
612 2283 690 2355 qnod
710 2284 791 2341 Deus
812 2282 1062 2360 supernaturaliter
1076 2284 1257 2358 praesentium

43 2449 48 2459 ι
80 2370 126 2429 sire
133 2375 280 2448 potentiam
288 2395 370 2434 susm
380 2377 632 2436 extraordinariam
642 2380 821 2437 manifestim
830 2380 906 2447 tacit,
916 2377 1134 2455 praecipueverrl
1144 2378 1172 2435 in
1182 2396 1259 2436 som·

82 2465 366 2531 nisetvisionibus.”⁵
390 2473 496 2546 Liquet
506 2474 583 2533 enirn
594 2474 668 2533 haud
678 2495 758 2533 mera
768 2475 975 2552 phantasmata,
986 2473 1038 2532 sed
1048 2493 1129 2533 veros
1139 2475 1256 2533 nuutios
1320 2532 1322 2537 .

83 2555 190 2622 tinnitus
211 2567 330 2634 missos,
345 2568 462 2642 spiritus
480 2569 579 2641 utique
593 2570 731 2637 caelestes,
747 2572 914 2646 angelorum
935 2570 1053 2627 nomine
1071 2567 1145 2646 apud
1160 2587 1258 2627 sacros

82 2655 207 2732 scriptores
221 2660 375 2738 designari.
417 2662 562 2735 Equidem
578 2684 667 2737 quum
688 2664 845 2740 Apostolus
868 2663 1112 2739 comparationem
1129 2663 1259 2720 instituat

84 2743 136 2806 nur
145 2752 290 2813 Christum
306 2766 334 2812 et
348 2757 490 2832 angelos‚⁸
503 2758 619 2816 utillius
634 2759 828 2833 prestantium
841 2757 985 2823 ostendat,
997 2757 1063 2827 quis
1078 2758 1183 2831 poterit
1196 2774 1259 2813 sns-

83 2840 153 2912 picus
164 2849 225 2907 haec
240 2868 319 2908 mera
332 2869 396 2908 esse
412 2852 630 2928 phantasmata?
670 2853 705 2909 In
719 2853 841 2909 somniis
862 2869 1080 2922 nonnumquam
1101 2850 1157 2906 risi
1171 2861 1258 2921 sunt;

82 2938 118 2996 ted
135 2952 159 3000 et
179 2946 362 3022 vigilantibus
387 2949 472 3005 etiam
495 2967 560 3006 sese
581 2948 774 3006 exhibuerunt
791 2954 961 3024 presentes,
977 2943 1055 3018 quod
1077 2945 1109 3003 iu
1122 2945 1257 3016 Abrahae,

83 3031 130 3110 1¹0⁸,
143 3056 167 3103 et
180 3043 281 3102 Tobiae
297 3044 415 3104 historia
427 3045 523 3103 videre
537 3056 591 3102 est.
634 3045 714 3103 Hinc
727 3044 904 3122 Augustinus
919 3062 976 3101 non
992 3042 1130 3100 dubitavit
1143 3042 1256 3103 dicerer
1270 3039 1275 3047 ’

85 3141 98 3169 ‘⁶
105 3157 154 3200 erse
163 3144 278 3220 angelos
288 3143 421 3200 novimus
430 3161 468 3200 ex
477 3142 581 3199 fide.’'⁷
605 3143 766 3219 Scriptores
777 3159 879 3199 omnes
889 3139 1088 3198 Ecclesiastici
1097 3157 1150 3218 per
1159 3143 1257 3201 omnia

83 3228 161 3294 uinta
174 3238 260 3295 fidem
275 3238 350 3294 hanc
364 3239 494 3294 testatam
509 3237 626 3295 faciunt.

112 3334 165 3390 179.
187 3334 232 3393 De
247 3334 391 3390 creatione
405 3333 571 3408 angelorum
593 3334 716 3408 Moyses
732 3333 826 3400 tacuit,
842 3350 876 3389 ea
891 3332 1092 3390 verosimiliter
1105 3333 1141 3390 de
1156 3352 1253 3404 causa,

80 3426 135 3491 tund
142 3426 237 3488 mundi
246 3429 411 3506 spectabilis
423 3429 573 3505 originem,
586 3440 614 3486 et
625 3430 737 3505 generis
749 3428 868 3487 humani
877 3446 922 3485 res
935 3439 1028 3504 gestas
1041 3431 1199 3504 praecipuas
1212 3449 1255 3488 re-

78 3514 132 3581 serre
139 3528 189 3591 sibi
198 3526 380 3603 proposuerit
391 3521 404 3593 ς’
414 3525 448 3582 de
464 3527 573 3602 angelis
584 3527 768 3598 ceteroquin,
778 3543 851 3598 ques
861 3524 1007 3591 Israelita,
1019 3541 1056 3581 ex
1070 3526 1158 3582 veteri
1171 3525 1254 3583 tradi·

77 3612 143 3689 lione,
156 3623 358 3700 agnoscebant,
380 3623 554 3680 mentionem
575 3621 639 3679 data
653 3624 803 3680 occasione
825 3621 960 3679 facturus.
1002 3619 1130 3695 Angelos
1146 3629 1251 3688 autem,

76 3709 133 3773 sicut
141 3730 166 3777 et
179 3731 280 3777 caetera
289 3735 476 3790 quaecumque
491 3717 626 3785 existunt,
638 3718 733 3777 Deum
744 3718 849 3779 habere
863 3726 1006 3774 auctorem
1018 3726 1047 3773 et
1060 3715 1132 3773 ratio
1142 3716 1251 3786 suadet,

74 3815 96 3860 et
105 3811 166 3872 tides
178 3816 271 3882 docet,
282 3812 423 3890 Apostolo
435 3812 470 3870 de
481 3813 556 3873 Filio
568 3814 625 3873 Dei
636 3815 746 3871 dicente
758 3832 765 3868 ε
783 3820 803 3849 “
813 3813 847 3871 ln
861 3814 926 3889 ipso
937 3811 1051 3870 condita
1062 3820 1129 3869 sunt
1141 3814 1253 3873 univer·

98 3985 134 4051 (l)
150 3989 225 4039 Hom.
237 3987 323 4037 xxxiv.
335 3987 362 4036 in
373 3986 470 4049 uvaag.

98 4069 132 4147 (2)
149 4073 271 4123 Homines
281 4073 364 4123 nunni
373 4087 472 4143 oppones
479 4080 597 4122 vocantur
608 4072 687 4123 Num.
698 4087 741 4121 xx.
756 4072 795 4120 14.
812 4069 864 4120 Ios.
875 4067 900 4119 ii.
914 4073 938 4118 7.
954 4067 1007 4119 Jao.
1016 4067 1042 4119 11.
1053 4072 1094 4118 25.

96 4154 132 4219 (3)
149 4159 204 4208 Act.
216 4157 286 4207 xxiii.
299 4161 323 4208 8.

99 4241 134 4306 (t)
151 4243 211 4293 Met
223 4243 291 4293 xviii.
305 4244 344 4303 10,
356 4243 420 4294 nit>
428 4246 469 4292 30.

95 4326 132 4392 (5)
148 4329 178 4378 Iu
189 4328 332 4379 Leviathan.
344 4347 365 4379 c.
374 4331 415 4378 34.
426 4329 467 4379 cit.
479 4344 494 4377 a
504 4328 624 4391 Zieglerl
638 4332 659 4376 l.
671 4327 701 4378 de
713 4328 816 4392 Angelis
828 4331 842 4388 ἦ
856 4329 896 4377 71.
908 4332 959 4377 not.
971 4329 993 4375 1.

96 4410 132 4476 (6)
150 4413 212 4463 Heb.
223 4414 240 4462 1.
251 4417 278 4462 ’1.
869 4448 871 4452 .

95 4496 132 4566 (7)
151 4496 188 4552 In
200 4499 241 4550 Ps-
249 4498 299 4552 ciii
310 4497 388 4548 Serra.
400 4498 415 4548 1.
427 4515 452 4549 n.
466 4501 505 4547 15.
