2730 5018
570 272 625 342 DE
647 272 922 343 DAEMONlBUS.
1240 282 1277 347 *it

63 425 161 502 'icrre‚
178 446 254 506 quae
268 431 354 511 plane
367 433 403 493 de
416 434 518 512 spiritu
532 454 656 510 nequam
671 438 802 498 homines
818 438 1002 514 impugnante
1017 438 1124 514 passim
1141 438 1170 496 in
1185 439 1281 516 Scrip·

78 530 145 587 turis
170 527 330 588 ceduntur.
373 531 489 588 Frustra
509 532 594 590 etiam
617 533 762 608 popularis
777 531 936 608 appellatur
949 542 1037 599 errbr,
1053 533 1187 591 Christus
1202 536 1280 592 euim

81 624 229 683 manifesto
244 624 281 682 de
296 625 476 707 daemonibus
490 626 601 685 locutus
616 641 671 695 est,
684 630 758 685 sicut
769 638 798 685 et
808 630 939 704 Apostoli
952 648 1010 687 non
1024 648 1062 687 ex
1076 630 1153 705 vulgi
1167 641 1280 688 senteu-

84 718 128 787 tia,
142 718 194 775 sed
208 737 248 777 ex
268 721 312 777 rei
325 722 441 779 veritate
454 741 461 778 ι
486 731 506 758 ‘⁴
519 721 613 789 Vos,’'
636 723 825 798 exprobrabat
847 723 865 780 J
868 722 955 780 udaeis
978 723 1111 781 Christus
1126 724 1280 792 Dominus,

86 820 149 870 “ex
161 821 242 888 patre
256 813 372 879 diabolo
384 817 453 872 estis
476 857 483 873 .
507 855 515 874 .
539 857 546 873 .
568 817 616 873 ille
632 816 844 873 homicidaerat
858 818 892 874 ab
907 818 998 886 initio,
1010 829 1040 875 et
1053 819 1084 875 iu
1096 820 1210 876 veritate
1222 838 1280 877 non

87 906 203 966 stetit-”¹
244 909 282 966 In
291 910 402 986 Judicio
412 921 539 969 extremo
552 911 679 973 dicturus
689 922 733 969 est
744 913 892 988 reprobis:
909 921 929 948 ‘⁶
941 912 1089 971 Discedite
1104 934 1120 971 a
1134 933 1180 972 me
1195 914 1281 972 male·

88 1002 150 1061 dicti
161 1002 191 1059 in
205 1002 305 1078 ignem
326 1013 473 1072 aeternum,
488 1006 538 1077 qui
559 1015 673 1080 paratus
694 1015 739 1062 est
758 1005 881 1072 diabolo,
903 1016 932 1063 et
951 1008 1060 1083 angelis
1075 1006 1186 1083 ejus.’'⁸
1224 1008 1282 1064 Ab·

90 1096 176 1156 horret
189 1108 288 1156 autem
303 1099 421 1156 omuino
435 1119 452 1157 a
467 1099 576 1158 Christi
592 1101 743 1157 veracitate
765 1110 793 1157 et
810 1100 958 1176 sapientia,
975 1110 1007 1158 ut
1019 1102 1185 1177 popularem
1207 1119 1283 1159 erro-

91 1210 144 1251 rem
157 1210 246 1249 suum
260 1191 354 1260 iaciat,
369 1195 485 1252 vocibus
501 1195 636 1252 adhibitis
651 1196 754 1267 quibus
769 1196 925 1253 sanciretur
938 1206 967 1253 et
980 1197 1202 1253 confirmaretur.

122 1291 187 1345 202.
211 1287 337 1347 Demon
351 1293 441 1360 δαὶμων
451 1294 571 1364 δαιμονίαν
580 1291 655 1366 apud
670 1291 813 1348 Ethnicos
828 1290 898 1347 deos
909 1292 1059 1349 inferiores
1074 1293 1181 1367 saepius
1195 1292 1283 1368 signi·

89 1383 191 1451 ticrbat,
206 1382 299 1442 Lares
313 1386 433 1459 scilieet,
449 1386 564 1453 Manes,
580 1386 731 1458 Lemures,
748 1387 893 1461 aliosque:
916 1393 1068 1462 messappo
1082 1388 1292 1459 autemmle

87 1477 182 1555 genius
198 1478 373 1553 ‘hominibus
399 1480 519 1538 infestus
544 1481 705 1537 vocabatur.
748 1480 813 1537 Hos
841 1481 983 1538 habebant
1006 1482 1094 1538 veluti
1118 1468 1283 1541 morborum

83 1575 255 1650 graviorum,
271 1577 317 1634 vel
331 1578 448 1636 aliarum
469 1577 659 1635 calamitatum
679 1587 826 1634 auctores:
849 1578 912 1650 'quae
934 1579 1098 1653 superstitio
1112 1589 1207 1636 utrum
1228 1578 1283 1635 Ba·

82 1671 265 1747 byloniorum
279 1683 390 1732 mentes
404 1675 538 1733 imbuerit
550 1684 743 1733 nonaonstat.
779 1675 829 1733 Dii
843 1676 969 1751 gentium
985 1675 1137 1747 aliquando
1151 1676 1182 1735 iu
1195 1676 1285 1752 scrip·

80 1766 152 1823 turis
165 1765 353 1844 designantur
366 1769 401 1826 iis
418 1770 576 1827 vocubulis:
599 1751 760 1874 ῠιῌιῇᾃ.
776 1772 919 1836 διιιμονιιιι8
937 1769 1044 1845 saepius
1059 1778 1152 1827 autem
1167 1770 1284 1845 spiritus

79 1899 219 1954 nequam.
261 1883 326 1942 “In
340 1885 457 1943 nomine
478 1903 543 1944 meo
564 1849 706 1944 daemdnia
727 1863 874 1962 ejicient.'’
926 1883 1101 1943 Daemonum
1120 1885 1284 1961 precipuus

78 1975 220 2035 diabolus
248 1977 415 2054 plerumque
436 1991 561 2048 vocatur,
584 1981 671 2039 veluti
696 1979 894 2038 calumniator
915 1998 1061 2036 servorum
1088 1979 1145 2036 Dei
1166 1982 1285 2043 δωβοιος.

77 2070 198 2177 mm
212 2074 414 2145 adversarius,
428 2077 531 2145 hostis,
547 2079 667 2146 scilicet,
683 2077 799 2134 humani
814 2077 926 2152 generis
942 2077 1028 2133 etiam
1042 2075 1128 2138 aud's.

79 2219 100 2250 s
122 2196 195 2249 203.
216 2192 429 2261 Daemoniacos,
444 2213 495 2251 seu
520 2195 656 2252 obsessos
671 2214 686 2250 a
700 2193 841 2260 demone,
857 2192 967 2250 scilicet
987 2192 1016 2249 in
1029 2210 1149 2264 quorum
1162 2190 1288 2267 corpori·

80 2286 138 2344 bus
151 2286 294 2347 insidebat
303 2288 426 2358 daemon,
438 2309 472 2348 ea
484 2291 567 2348 variis
584 2290 676 2348 modis
689 2291 808 2366 agitans,
821 2307 947 2361 unquam
963 2306 1027 2345 vere
1042 2288 1171 2346 extitisse
1183 2298 1291 2365 negant

64 2384 196 2459 ‘passim
218 2383 439 2449 Rationalistae.
455 2388 503 2460 qui
525 2387 560 2445 ad
582 2388 661 2463 vulgi
682 2385 879 2462 prejudicium
901 2385 1035 2454 referunt,
1052 2384 1129 2458 quod
1143 2385 1178 2442 de
1199 2386 1235 2442 iis
1256 2386 1286 2442 in

86 2497 163 2538 novo
178 2489 346 2540 testamento
366 2482 478 2542 dicitur.
521 2483 671 2560 AEgrot0s‚
687 2483 885 2554 lunaticosque
904 2483 1061 2558 pracsertim
1077 2480 1182 2538 amalo
1202 2481 1288 2558 genio

88 2576 229 2653 possideri
253 2578 348 2636 Judaei
372 2582 536 2650 censebant,
558 2593 684 2641 mutuata
709 2600 725 2637 a
748 2581 927 2656 Babyloniis,
949 2580 1023 2636 inter
1045 2596 1118 2650 quos
1142 2577 1287 2653 degerant,

90 2674 215 2742 notione,
237 2676 263 2731 si
276 2676 361 2733 novis
381 2677 427 2734 his
442 2678 601 2736 Bibliorum
616 2680 818 2756 interpretibus
833 2675 992 2734 credamus.
1028 2672 1167 2749 Opinioni
1182 2674 1288 2750 vigenti

93 2768 224 2827 Christus
238 2779 267 2827 et
281 2772 413 2848 Apostoli
427 2791 490 2830 sese
502 2775 746 2842 accommodasse,
763 2773 837 2831 haud
858 2771 920 2828 siue
942 2768 1127 2845 blasphemia,
1147 2767 1286 2825 dicuntur.

93 2863 269 2941 Impietatem
285 2867 358 2924 hanc
374 2877 404 2925 ut
420 2869 587 2937 evellamur,
602 2871 696 2928 Patris
718 2872 843 2929 Perrone
865 2864 940 2924 haud
960 2864 1140 2941 gravabimur
1160 2881 1289 2940 premere

97 2962 223 3040 vestigia.

597 3158 784 3201 rnorosrrm.

131 3288 265 3372 lmpium
278 3302 321 3354 rat
334 3293 479 3374 denegare
492 3314 577 3356 veros
591 3297 660 3357 dori
674 3298 880 3358 demoniacos.

130 3394 202 3449 204.
224 3389 380 3450 Probatur
393 3391 436 3450 Ι.ο
452 3410 489 3451 cs
502 3393 663 3471 scripturo.
705 3394 750 3452 De
764 3391 947 3451 demoniacis
969 3391 1077 3468 passim
1098 3391 1217 3448 innovo
1238 3401 1292 3447 tes·

39 3486 42 3533 i
95 3496 217 3546 taurento
231 3487 398 3556 fitmeutio;
412 3497 442 3545 et
451 3507 485 3546 ca
498 3488 615 3561 quidem
629 3490 739 3547 ratione
753 3499 855 3546 utnon
871 3486 940 3560 quid
951 3485 1177 3544 existimaverint
1187 3485 1205 3543 J
1208 3483 1291 3551 udaei,

39 3564 42 3641 Ι
92 3581 140 3640 sed
154 3583 330 3660 scriptorum
344 3572 487 3642 sacrorum
502 3585 652 3652 sententia,
667 3596 695 3643 et
709 3585 800 3661 ipsius
818 3584 928 3641 Christi
940 3581 1060 3639 Domini
1074 3581 1224 3638 auctoritas
1239 3590 1292 3635 tra·

93 3678 183 3743 datur.
211 3739 214 3743 ,
227 3679 374 3754 Equidem
388 3679 548 3741 demonem
562 3684 669 3758 saepius
687 3683 839 3755 alloquitur
852 3680 1005 3737 Christus:
1029 3686 1048 3713 ‘⁸
1059 3676 1150 3734 Surde
1173 3692 1201 3732 et
1214 3688 1292 3732 mute

92 3775 222 3852 spiritus,
237 3795 293 3853 ego
306 3779 442 3856 praecipio
456 3780 517 3848 tibi,
532 3780 579 3836 exi
593 3780 628 3837 ab
642 3798 688 3847 eo,
701 3787 730 3835 et
744 3797 778 3835 ne
793 3777 915 3853 amplius
930 3776 1053 3832 introeas
1068 3775 1097 3832 in
1112 3770 1227 3831 eum.”⁴
1247 3771 1292 3829 De

91 3869 274 3929 demonibus
289 3872 387 3951 ejectis
401 3884 429 3931 et
442 3873 616 3932 exeuntibus
630 3892 667 3931 ex
687 3873 851 3931 hominibus
867 3869 976 3946 passim
993 3870 1024 3924 fit
1037 3869 1156 3933 mentio,
1175 3866 1293 3922 Christo

90 3966 157 4043 ipso
172 3965 287 4026 dicente
298 3968 334 4026 tle
348 3969 489 4042 quodam:
513 3979 532 4006 ‘⁴
543 3970 598 4027 hoc
607 3988 697 4046 genus
712 3969 741 4026 in
752 3967 831 4026 nullo
844 3973 938 4042 potest
952 3964 1041 4030 exire,
1054 3962 1111 4020 nisi
1123 3962 1152 4018 in
1166 3960 1293 4017 oratione

91 4053 303 4142 eriejunioss’l
337 4058 427 4133 'Quod
441 4082 498 4125 uon
512 4067 542 4124 in
562 4067 625 4124 sola
638 4066 715 4142 vulgi
741 4065 877 4143 opinione
898 4062 950 4120 sed
970 4058 1065 4138 reipsa
1086 4058 1227 4124 adessent,
1243 4073 1293 4113 no·

430 4243 468 4302 (l)
486 4240 557 4290 Joan.
568 4240 619 4290 viii.
631 4242 673 4289 44.

433 4327 475 4392 (2)
495 4326 565 4375 Matr.
577 4342 636 4375 xxv.
648 4328 689 4376 41.

433 4411 476 4480 (3)
495 4412 560 4462 Vide
571 4412 741 4461 Rosenmiiller
752 4410 781 4460 ed
794 4426 815 4460 c.
827 4409 859 4459 ir.
871 4410 913 4459 24.
924 4404 1046 4459 Matthoei.

432 4496 475 4562 (4)
495 4496 572 4548 Marc
582 4497 616 4546 ix.
627 4498 669 4546 24.

436 4580 479 4647 (ιι)
497 4580 598 4633 tricem.
609 4596 632 4630 v.
644 4584 684 4629 as.
