2744 5024
299 216 358 279 nn
379 215 504 279 conte
525 215 745 295 ornemus,
759 182 1058 277 erucrmrnuer'*
1218 222 1278 280 mo

78 371 304 450 negligentibus.
346 373 514 433 Noriuime
535 371 603 431 verb
623 367 806 432 Oxonieneee'
822 371 927 449 jejunii
947 371 1098 435 utilitatem
1111 371 1165 431 alte
1180 371 1281 450 pradi-

76 473 202 528 cerunt.²

592 641 774 685 nomento.

118 749 281 831 Jejum‘um
302 753 413 813 bonum
428 772 501 832 opue
516 762 568 824 ert,
583 753 691 815 relecti
704 751 924 812 munerandum
943 755 1083 824 mercede,
1098 762 1126 814 et
1146 754 1211 815 ideo
1226 755 1282 816 rite

78 844 119 904 ob
133 845 271 906 Ecclecic
278 848 464 927 precipitur.
994 837 996 841 ⁴

120 940 275 1001 Probatur
288 943 315 1001 1.
328 961 365 1002 ce
384 943 561 1021 Scripturie.

125 1041 194 1094 483.
215 1038 293 1097 Jone
307 1040 433 1098 minante
447 1040 556 1098 Ninive
569 1040 724 1108 excidium,
741 1049 761 1077 ‘⁸
773 1038 952 1099 crediderunt
965 1039 1018 1098 riri
1029 1040 1059 1097 N
1061 1041 1166 1099 inivitoe
1180 1042 1211 1100 in
1225 1041 1284 1101 De·

85 1148 138 1188 um
149 1151 157 1187 :
170 1141 199 1188 et
210 1132 435 1209 predicaverunt
444 1135 598 1211 jejunium.
621 1175 628 1191 .
646 1176 653 1191 .
672 1176 679 1190 .
696 1134 735 1192 Et
749 1135 879 1192 clamavit
893 1143 922 1192 et
934 1133 1007 1201 dixit
1019 1135 1049 1193 in
1064 1134 1171 1192 Ninive
1183 1154 1220 1194 ex
1233 1154 1283 1195 ore

57 1260 59 1265 -
79 1226 214 1302 regia,=et
225 1228 386 1305 principum
400 1229 473 1304 ejus,
489 1229 587 1287 dicens
601 1249 608 1286 ι
632 1229 776 1287 Homines
790 1240 819 1287 et
827 1220 970 1311 jumenje,
983 1239 1012 1288 et
1026 1230 1125 1298 bovea,
1140 1241 1169 1288 et
1180 1249 1284 1308 pecora

81 1338 144 1378 nou
156 1332 273 1399 gustent
297 1323 472 1397 quidquam:
496 1343 550 1382 uec
574 1338 734 1400 pascantur,
751 1334 779 1382 et
802 1343 904 1398 aquam
920 1316 977 1384 hou
991 1326 1088 1384 bibant
1089 1366 1222 1385 .....
1244 1327 1286 1387 Et

82 1414 156 1473 vidit
170 1417 252 1475 Deua
265 1437 353 1496 opera
366 1437 476 1487 eorum,
498 1420 565 1493 quie
586 1419 717 1478 conversi
731 1431 798 1477 eunt
811 1419 847 1477 de
862 1421 908 1478 via
921 1439 974 1477 aue
988 1422 1062 1479 malo
1080 1441 1089 1477 c
1109 1431 1138 1479 et
1150 1423 1285 1482 misertus

82 1522 130 1569 eet
144 1513 226 1572 Deue
237 1533 325 1592 cuper
338 1517 475 1575 malitiam
490 1535 575 1589 quem
589 1517 700 1574 locutus
715 1516 814 1582 lueret,
828 1526 859 1572 ut
872 1514 977 1572 faceret
990 1516 1043 1581 eia,
1059 1526 1087 1573 et
1100 1534 1158 1589 non
1167 1517 1286 1590 'secitd’'

83 1606 139 1692 Ille
154 1609 326 1668 abstinentia
335 1611 537 1688 jejuniumque
551 1610 622 1669 adeo
636 1611 765 1669 strictum
780 1629 818 1668 ex
832 1609 993 1668 vehementi
1004 1609 1101 1668 dolore
1114 1611 1284 1688 profectum,

84 1700 152 1760 Deo
165 1703 220 1761 fuit
232 1714 352 1780 gratum,
367 1725 491 1779 eumque
503 1707 633 1782 placavit.
675 1706 855 1781 Praeceptum
875 1725 891 1762 a
904 1723 971 1781 rege
985 1705 1075 1763 latum
1094 1715 1126 1763 ut
1145 1707 1175 1765 N
1177 1707 1284 1767 inivite

79 1797 256 1874 jejunarent,
270 1812 330 1860 eret
342 1803 441 1878 procul
455 1802 541 1871 dubio
563 1803 627 1861 Deo
648 1802 772 1860 maxime
794 1801 952 1876 probatum,
974 1819 1063 1873 quum
1083 1800 1285 1861 obedientibus

85 1912 119 1952 ae
141 1897 300 1956 oetenderit
324 1899 490 1974 propitium.
531 1901 569 1957 At
584 1917 650 1957 vero
666 1898 811 1974 jejunium
832 1897 867 1954 ab
888 1896 1021 1954 Eccleaie
1033 1898 1193 1973 injunctum
1207 1917 1285 1958 eum·

84 1992 164 2060 dem,
180 1993 254 2052 inter
267 2004 395 2064 cemma,
412 1996 497 2053 habet
517 1998 615 2062 finem,
630 2004 661 2052 ut
681 2003 821 2070 peccator,
836 2011 868 2050 ee
883 1993 1060 2052 humiliando
1080 2008 1110 2052 et
1129 1995 1285 2071 puniendo,

85 2082 185 2144 Deum
199 2087 297 2146 reddat
309 2088 364 2147 eibi
376 2090 543 2165 propitium.
584 2090 663 2166 Ergo
675 2087 837 2165 gratissime
850 2087 914 2145 Deo
928 2099 973 2146 eet
982 2087 1031 2146 lex
1042 2107 1100 2162 que
1110 2090 1286 2167 praecipitur.

127 2182 198 2237 484.
217 2179 251 2239 ln
265 2181 337 2240 libro
352 2182 453 2241 Tobiae
467 2182 681 2241 commendatur
698 2182 840 2259 jejunium
861 2199 927 2240 cum
941 2181 1068 2241 oratione
1082 2183 1284 2261 conjunctum:

87 2282 108 2309 ‘⁶
120 2273 198 2333 bone
211 2286 255 2333 eet
267 2277 357 2335 oratio
371 2296 437 2335 cum
453 2276 613 2353 jejunio.''⁸
653 2276 797 2349 Equidem
819 2294 854 2335 ee
873 2279 960 2336 etiem
978 2277 1083 2336 utilitas
1104 2278 1288 2353 abEccleein

85 2369 241 2445 expetitur,
256 2383 287 2428 nt
296 2371 471 2447 jejunantes,
482 2391 499 2428 e
512 2390 650 2431 eenauum
665 2372 809 2448 voluptate
823 2371 1002 2445 aliquetenus
1019 2373 1161 2443 abstracti,
1176 2374 1289 2435 facilius

44 2513 52 2532 ,
86 2462 123 2521 ad
139 2463 236 2523 Deum
248 2466 415 2546 evehantur,
427 2468 496 2526 etin
510 2468 665 2526 celestium
682 2467 923 2544 contemplatione
938 2469 1111 2541 quiescunt.⁴

129 2562 206 2616 485,
222 2559 288 2619 Joel
301 2563 449 2638 prophete,
465 2562 603 2637 populum
624 2562 659 2619 ad
674 2562 870 2638 poenitentiam
884 2561 941 2619 Dei
954 2562 1070 2618 nemine
1085 2579 1201 2641 vocans,
1212 2564 1288 2639 jeju·

88 2655 171 2713 nium
183 2657 255 2714 inter
269 2657 374 2715 indicia
388 2658 476 2715 enimi
498 2656 620 2715 dolentis
645 2665 793 2715 recenset:
816 2665 836 2692 “
848 2655 1059 2715 Convertuniui
1073 2656 1108 2712 ad
1122 2674 1168 2713 me
1183 2657 1213 2714 in
1228 2667 1289 2715 toto

87 2749 177 2808 corde
193 2761 295 2819 veetro,
310 2752 340 2810 in
350 2753 474 2828 jejunio,
487 2761 516 2808 et
529 2752 559 2809 in
573 2751 652 2818 fletu,
664 2762 693 2823 et
706 2751 734 2825 in
748 2748 910 2826 planctu.’'⁵
949 2749 1024 2807 lllud
1038 2749 1123 2826 igitur
1136 2750 1290 2828 injungena

21 2902 26 2906 .
87 2844 234 2913 Ecclesia,
250 2846 306 2903 Dei
320 2847 445 2905 imitatur
458 2847 633 2924 exemplum,
649 2847 707 2904 imo
722 2857 751 2904 et
764 2846 826 2921 ejua
841 2855 1014 2921 preceptum
1027 2845 1196 2921 promulget.

130 2945 199 3000 486.
216 2941 350 3008 Ohrietue
362 2944 503 3002 Dominua
520 2963 574 3016 qua
586 2945 693 3001 ratione
703 2940 893 3019 jejunandum
904 2940 1044 3005 sitdocet,
1059 2956 1088 2998 et
1099 2941 1260 3002 mercedem
1274 2964 1291 3002 e

89 3036 177 3095 Patre
191 3036 316 3098 dandum
330 3039 498 3116 pollicetur:
520 3050 543 3075 ‘⁶
556 3039 604 3096 'Pu
624 3047 719 3096 autem
733 3056 799 3095 cnm
812 3037 938 3114 jejunae,
953 3054 1028 3113 ringo
1050 3046 1137 3112 ceput
1156 3048 1247 3106 tuum,
1263 3049 1292 3097 et

88 3132 195 3191 faciem
206 3145 280 3192 tuam
295 3134 368 3201 love,
384 3153 419 3192 ne
433 3134 553 3191 videaris
566 3134 731 3190 hominibus
741 3133 887 3209 jejunans,
902 3130 954 3188 eed
970 3131 1040 3207 patri
1056 3142 1114 3197 tuo,
1130 3133 1178 3204 qui
1193 3141 1237 3190 eet
1261 3134 1291 3211 in

88 3226 270 3295 abscondito,
284 3237 313 3285 et
327 3238 405 3303 pater
419 3225 494 3295 tune,
509 3228 559 3301 qui
571 3226 687 3293 videtin
703 3225 879 3294 abscondito,
894 3225 993 3285 reddet
1004 3225 1101 3284 tibi.”⁰
1141 3226 1216 3285 Suoe
1232 3226 1292 3286 die·

129 3382 169 3447 (1)
189 3387 203 3412 ‘⁴
211 3380 268 3432 The
279 3382 338 3446 only
349 3383 461 3446 queatlon
472 3398 536 3447 open
545 3372 612 3432 teuc
622 3384 730 3442 ie,-not
739 3383 849 3433 whether
858 3384 950 3443 meing
959 3383 1024 3450 beju
1032 3381 1240 3444 iteelsheneficiel,
1247 3383 1300 3437 thir

88 3465 140 3515 hae
149 3466 211 3516 been
221 3466 371 3525 determined
382 3468 419 3517 lor
430 3484 460 3517 ne
470 3450 502 3531 by
514 3466 570 3516 God
581 3465 879 3523 hinnitum-whether
890 3465 980 3514 certain
989 3469 1137 3527 reguletione
1146 3469 1295 3532 couceming

88 3550 182 3600 irent
193 3559 219 3601 to
230 3559 339 3616 promote
351 3568 378 3602 or
389 3560 416 3603 to
424 3551 541 3605 diminieh
552 3550 584 3601 ite
594 3548 718 3615 efficacy.'·’
752 3549 853 3601 ibidem·
934 3579 937 3583 ·

130 3639 168 3698 (2)
185 3636 255 3686 Jonre
266 3636 299 3685 iii.
316 3639 342 3688 b.

130 3720 171 3784 (3)
190 3719 274 3771 Tobite
286 3720 329 3769 xii.
341 3725 365 3770 8.

129 3805 170 3868 (4)
189 3810 204 3835 “
211 3803 267 3861 The
286 3812 354 3866 great
372 3819 477 3869 purpose
496 3803 523 3853 in
541 3803 680 3853 connexion
688 3813 693 3819 '
701 3801 763 3866 with
778 3800 860 3850 which
871 3800 891 3851 it
906 3799 927 3848 ia
939 3797 1025 3862 chiefly
1037 3795 1178 3865 mentioued
1188 3796 1216 3847 iu
1227 3796 1295 3862 lloly

92 3886 221 3951 Scriptum
231 3887 253 3937 ie
264 3904 357 3952 prayer.
390 3888 414 3939 Α
425 3889 540 3950 religione
551 3903 635 3951 repoee
655 3886 703 3936 and
715 3901 735 3935 e·
745 3884 887 3945 thoughtlul
898 3881 1089 3945 contemplation
1099 3880 1183 3931 would
1192 3883 1223 3932 be
1234 3898 1249 3931 n
1259 3897 1296 3931 ne·

47 3990 50 3996 ·
93 3972 160 4021 cond
170 3972 304 4035 adventage
315 3974 344 4023 oi
350 3973 491 4040 compljing
502 3973 530 4025 in¹
540 3972 591 4022 thie
599 3979 692 4038 reapect
703 3969 763 4020 with
775 3969 816 4018 the
826 3967 983 4019 inctructione
994 3965 1023 4015 ol
1028 3980 1074 4015 our
1085 3963 1210 4015 Ohnrch”
1244 3965 1300 4016 012

96 4055 256 4125 omum
267 4055 372 4106 Neue
826 4042 833 4052 '

111 4128 174 4206 ’(5)
191 4141 335 4194 solum
896 4189 899 4193 ,

132 4226 175 4292 (6)
195 4224 257 4276 Met.
269 4225 300 4274 ri.
314 4228 352 4275 te.
386 4231 401 4256 ‘⁸
411 4225 464 4276 Our
486 4224 552 4274 Lord
571 4224 620 4274 end
639 4221 766 4283 Sevionr,”
784 4238 842 4287 aeye
866 4220 975 4280 Hooker,
993 4226 1007 4253 ⁸⁴
1016 4217 1099 4271 would
1117 4223 1162 4267 not
1172 4215 1243 4267 teech
1253 4217 1297 4269 the

98 4326 203 4364 manner
214 4310 243 4360 od
250 4309 332 4372 doing,
343 4308 417 4360 much
434 4309 483 4359 leae
501 4324 604 4373 propoae
615 4324 630 4357 e
640 4308 733 4358 reward
743 4309 781 4358 ior
790 4307 866 4371 doing
882 4305 935 4357 that
945 4304 1028 4357 which
1039 4318 1103 4356 were
1113 4308 1159 4355 uot
1168 4300 1227 4354 beth
1237 4302 1296 4372 huj

98 4394 147 4449 and
159 4395 296 4466 occepebte
306 4393 334 4449 'tu
345 4393 422 4446 God’e
430 4392 518 4456 eight?
536 4393 607 4447 nect
617 4390 672 4445 Pol..
679 4393 703 4442 b.
714 4391 761 4451 nb
774 4395 814 4445 tt,
