2744 5024
294 111 354 175 nu
375 112 627 174 ntvmrrsrn
648 113 839 179 sommus
860 104 1025 179 sanc'm.
1202 124 1259 180 roo

100 281 170 325 sture
179 276 271 327 norim
284 269 474 345 proferimus:
496 281 553 328 non
569 270 651 342 quasi
665 288 724 329 non
738 279 766 327 et
781 270 866 328 Pater
879 270 975 337 Deus,
990 280 1019 328 st
1031 271 1157 348 Spiritus
1171 274 1261 331 Sanc·

98 361 213 430 uncus,
227 374 255 422 et
269 364 350 423 Deus
364 365 610 438 unusquisque.”¹
640 362 643 367 ’

118 460 156 517 77.
174 459 202 516 S.
221 459 412 519 Cuntinus:
435 471 456 498 ‘⁶
468 461 545 519 Cum
566 472 622 519 tres
637 477 726 518 unum
748 462 816 527 sint,
832 459 978 533 quomodo
999 461 1123 538 Spiritus
1138 462 1260 523 Sanctus

90 552 189 629 piscatus
201 573 267 613 esse
281 557 309 613 ei
324 568 429 632 potest,
444 559 494 630 qui
508 567 557 616 aut
570 557 663 616 Patris
678 566 726 614 aut
740 557 805 614 Filii
821 559 955 615 inimicus
970 557 1071 615 estl”⁸

43 680 46 685 ·
112 652 152 706 ts.
171 651 337 709 Droursms
353 656 611 711 Anexsunmuus:
634 663 656 689 ⁸⁶
668 653 748 711 Deus
763 654 840 710 enim
854 652 969 711 israelis
983 664 1028 710 est
1039 655 1059 712 J
1061 672 1127 712 saus
1141 655 1199 723 ille,
1209 656 1260 730 qni

88 743 248 802 sttVarbum
273 747 379 804 secula
392 747 583 806 antecedens:
604 766 658 807 nec
672 766 729 806 non
751 759 780 805 et
802 749 925 825 Spiritus
947 749 1102 808 Sanctus.''
1142 755 1194 813 θεὸς
1214 751 1261 822 γάρ

42 864 45 869 ·
88 837 235 908 mlieris
245 842 259 892 ὁ
270 844 318 908 πρὸ
328 839 418 895 isdem
428 843 506 912 λόγος,
516 844 600 906 mssa*
611 847 642 897 sl
652 844 722 913 &por
733 848 847 915 πιευμινῑ
889 844 982 900 Veros
1002 845 1088 920 igitur
1100 855 1144 902 est
1167 846 1260 914 Deus,

83 941 156 1008 ttper
164 952 196 991 se
206 935 494 1004 subsistensaPatrs
503 937 635 1010 Filioque
647 937 796 995 distinctus
807 957 814 995 :
830 942 860 992 si>
871 920 1019 1003 ενυκόςοκὲον
1030 942 1061 992 τῦ
1068 944 1158 1007 καρὸς
1168 942 1265 1010 πνεῦμα

33 1028 37 1099 l
83 1027 195 1097 livirrq'»
204 1033 272 1098 huis*
312 1032 616 1091 “subsistensl’atris
637 1034 773 1110 Spiritus,
791 1035 916 1106 quierat
938 1035 968 1092 iu
988 1034 1094 1093 Filic.”
1137 1036 1214 1094 Patri
1236 1046 1265 1094 et

33 1142 36 1211 g
85 1122 256 1182 llliodicitur
269 1126 400 1203 ejusdem
415 1128 514 1186 t'crmoe
526 1133 654 1205 ὁμοειδὲῷ
694 1130 817 1189 Peccato
838 1130 913 1189 haud
935 1132 1077 1189 obnoxius
1097 1131 1266 1207 proefficatur

33 1234 37 1293 ¹,
85 1221 134 1291 quis
145 1221 225 1279 Deus
241 1231 303 1280 est:
338 1224 438 1282 “Nisi
453 1225 529 1283 enim
551 1224 686 1284 Christus
708 1227 788 1284 Deus
802 1228 941 1295 Verbum,
964 1246 1023 1286 non
1046 1229 1188 1305 potuisset
1207 1247 1265 1287 nou

33 1334 37 1373 r
85 1333 133 1375 me
144 1329 263 1395 peccato
276 1321 431 1379 obnoxius.
457 1322 563 1380 Nullus
584 1323 661 1380 enim
683 1342 740 1381 non
762 1325 904 1382 obnoxius
921 1334 966 1383 est
978 1335 1105 1402 peccato,
1121 1326 1177 1384 nisi
1192 1343 1266 1383 unus

86 1413 214 1484 Christus,
227 1430 260 1474 ut
273 1428 302 1475 st
316 1418 401 1476 Pater
415 1418 536 1487 Christi,
551 1430 580 1477 et
593 1421 714 1479 Sanctus
731 1421 902 1498 Spiritus.”⁸

114 1516 157 1570 tu.
179 1513 232 1572 Nil
253 1514 342 1591 igitur
354 1517 422 1574 nori
445 1517 568 1593 professi
592 1529 659 1575 sunt
674 1519 772 1576 Patres
793 1517 1114 1595 constantinopolitani,
1126 1521 1267 1596 Spiritum

77 1605 203 1684 *Sanctum
217 1612 403 1688 praedicantes
427 1613 586 1672 Dominum
601 1624 629 1671 et
650 1615 852 1681 vivificantem,
868 1632 934 1671 cum
956 1615 1041 1672 Patre
1056 1626 1085 1672 et
1104 1615 1268 1683 Filio-ado-

47 1718 54 1729 ·
86 1704 187 1764 undum
200 1717 232 1765 et
244 1708 471 1784 glorificandum.
494 1710 545 1767 Nil
559 1711 625 1768 novi
638 1708 763 1767 decrevit
772 1709 903 1766 Romana
914 1707 1044 1784 synodus
1056 1710 1108 1766 sub
1123 1709 1268 1767 Damaso:

84 1799 212 1874 “Siquis
235 1821 295 1859 non
308 1802 413 1860 dixerit
426 1804 564 1879 Spiritum
591 1805 727 1861 Sanctum
750 1803 785 1862 de
807 1805 891 1862 Patre
906 1821 971 1860 esse
997 1822 1062 1860 vere
1086 1823 1120 1860 ac
1142 1804 1268 1881 proprie,

82 1892 142 1952 sicut
156 1896 249 1954 Filius
263 1896 300 1956 de
314 1894 410 1955 dirius
423 1899 590 1966 substantia,
606 1909 635 1957 et
649 1899 743 1957 Deum
759 1917 869 1967 rerum,
885 1897 1035 1956 anathema
1050 1899 1132 1957 sit.”⁷

462 2073 666 2119 umuuuonus
693 2073 877 2115 utnuunwn.

108 2230 157 2287 70.
175 2222 243 2306 obj.
257 2233 284 2287 l.
303 2238 322 2266 “
334 2227 457 2306 Spiritus
469 2229 590 2289 Sanctus
602 2249 742 2304 nusquam
758 2232 786 2289 in
802 2241 859 2289 tota
872 2231 960 2289 Sacra
973 2233 1119 2311 Scriptura
1134 2252 1271 2311 expresse

80 2318 153 2383 Deus
168 2322 294 2381 dicitur:
316 2324 393 2398 quod
407 2344 462 2382 uon
479 2327 619 2401 potuisset
632 2346 688 2385 non
703 2327 804 2384 saltem
818 2327 908 2384 semel
923 2327 995 2395 fieri,
1010 2329 1037 2384 si
1050 2329 1075 2386 is
1090 2328 1170 2387 Deus
1186 2329 1273 2387 Altis·

78 2417 161 2475 simus
176 2427 264 2476 esset.
307 2418 392 2484 Quod
406 2408 613 2498 enim'allegari
628 2422 702 2478 solet
712 2422 792 2478 locus
808 2423 872 2477 Act.
888 2421 925 2477 V.
943 2439 968 2476 r.
986 2425 1014 2477 3.
1031 2426 1059 2478 5.
1076 2463 1084 2478 .
1107 2463 1115 2478 .
1138 2440 1200 2478 ‚ex
1214 2423 1270 2479 hoc

79 2511 139 2575 loco
162 2515 329 2586 neutiquam
352 2514 451 2597 liquet,
467 2515 605 2591 Spiritum
633 2516 769 2571 Sanctum
794 2514 888 2570 Deum
909 2511 1055 2589 appellari.
1078 2555 1086 2570 .
1110 2555 1118 2571 .
1142 2553 1148 2570 .
1171 2514 1273 2572 Potest

80 2609 150 2669 enim
166 2610 271 2682 aliquis
284 2609 394 2667 duobus
409 2611 495 2669 simul
511 2610 633 2677 mentiri,
649 2627 753 2684 nempe
765 2609 815 2666 uni
829 2627 879 2685 per
894 2609 1023 2666 alterum.
1058 2607 1172 2665 Eodem
1187 2608 1276 2667 modu

79 2707 157 2765 etiam
172 2706 287 2774 dicitur,
301 2727 351 2764 eos
367 2709 416 2780 qni
430 2719 639 2783 persequuntur
652 2705 763 2773 fideles,
776 2706 909 2782 persequi
925 2703 1076 2762 Christum
1090 2703 1205 2779 ipsum:
1223 2704 1274 2777 qui

82 2802 229 2879 Apostolos
244 2802 372 2870 audiunt,
387 2821 437 2861 eos
453 2803 549 2860 audire
564 2803 659 2878 ipsum
675 2799 858 2859 Christum.’'
901 2800 943 2858 lta
958 2798 1196 2875 Wolzogeuius.⁸

114 2904 162 2957 77.
184 2898 276 2977 Resp.
299 2899 422 2958 Uuitarii
437 2899 559 2957 latentur
573 2898 723 2957 Christum
744 2898 851 2974 saepius
867 2899 897 2955 in
912 2896 1067 2974 Scripturis
1088 2895 1146 2954 dici
1168 2895 1275 2960 Deum.

86 2994 145 3065 quin
168 2993 236 3052 ideo
250 3013 317 3052 eum
331 3013 431 3052 verum
457 2994 552 3052 Deum
574 3005 747 3071 agnoscantr
776 3012 875 3071 parum
899 2993 983 3070 igitur
1003 2991 1141 3070 profuerit
1154 2992 1278 3071 appella-

88 3086 182 3147 tionem
198 3108 284 3162 quam
300 3089 462 3147 desiderant
475 3088 635 3147 ostendisse
650 3090 769 3166 Spiritui
783 3090 888 3148 Sancto
900 3091 1031 3156 tributam
1044 3087 1142 3146 fuisse.
1185 3088 1278 3147 Caete-

91 3200 141 3243 nun
154 3186 234 3244 Deus
249 3170 324 3244 certe
340 3195 457 3244 vocatur
471 3184 594 3243 soloci:
618 3196 637 3222 “
651 3205 740 3259 quum
754 3189 1011 3257 rinvsdpcshdywr
1026 3205 1053 3243 v.
1069 3190 1097 3252 3,
1111 3189 1165 3242 etri
1182 3193 1234 3248 θεας
1248 3205 1276 3243 v.
1334 3184 1340 3193 '

93 3282 243 3341 dimicem
268 3291 473 3365 permutantur,
499 3280 647 3359 Spiritum
672 3281 816 3340 Sanctum
827 3279 936 3358 fallere
960 3281 1036 3341 idem
1060 3290 1104 3346 est
1127 3300 1160 3337 ac
1181 3281 1278 3339 sallere

96 3370 184 3445 Deum,
198 3396 255 3450 qua
270 3387 314 3434 est
328 3378 510 3454 omnipotens
524 3388 553 3433 et
567 3358 758 3433 omniscius.”
781 3374 824 3431 lta
838 3372 1050 3441 Roseuntiiller,
1067 3390 1152 3439 voces
1164 3375 1278 3432 ultimas

96 3472 204 3532 occulto
226 3473 376 3550 adjiciens,
397 3484 429 3530 ut
450 3474 507 3531 rim
530 3472 711 3530 manifestam
732 3469 888 3528 testimonii
910 3467 944 3525 ad
970 3466 1111 3543 Spiritum
1133 3468 1271 3528 Sanctum

96 3565 255 3637 pmbmdum
281 3569 376 3628 Deum
403 3569 535 3627 ιιιίιιιιιιῑ.Β
575 3568 675 3627 Potest
698 3565 833 3638 squidem
858 3563 960 3636 aliquis
989 3562 1053 3628 Deo
1081 3582 1132 3640 per
1157 3565 1278 3627 alterum

178 3697 219 3766 (1)
239 3696 270 3747 L.
281 3697 336 3747 adr.
347 3697 476 3749 Puteum.
487 3713 508 3747 c.
526 3700 566 3746 13.

179 3785 220 3850 (2)
239 3784 288 3848 Ep.
301 3787 341 3834 73.
353 3784 394 3843 ad,
404 3783 520 3848 Jubajan.

176 3874 212 3934 (³)
230 3871 336 3935 Respad
349 3872 456 3921 Paulum
473 3871 542 3920 Sam.
556 3885 580 3934 p.
592 3871 650 3919 289.

185 3956 226 4021 (t)
247 3956 284 4004 lb.
295 3972 320 4019 p.
332 3959 391 4006 283.
402 3957 475 4020 Resp.
487 3962 580 4020 quarta.

209 4042 220 4106 )
239 4057 264 4105 p.
275 4043 335 4090 284.

180 4040 206 4104 (5

182 4125 222 4190 (6)
242 4126 271 4175 Ιιι
282 4142 321 4190 ep.
333 4126 371 4176 ad.
384 4126 454 4177 Paul.
463 4142 488 4190 p.
500 4125 558 4176 277.

181 4208 222 4276 (7)
241 4209 320 4274 Epist.
332 4211 434 4260 Damasi
445 4211 476 4258 ad
487 4207 639 4273 illyricianos
650 4209 715 4274 apud
726 4209 910 4261 Theodorstum
919 4211 935 4261 1.
948 4207 1039 4278 uhist
1052 4208 1121 4260 Eccl.
1132 4208 1196 4278 cii·

183 4292 223 4360 (8)
243 4295 426 4361 compendium
437 4296 490 4344 Rsl.
503 4294 595 4344 Christ.
609 4310 634 4354 u.
647 4297 688 4343 57.
1270 4296 1272 4300 ’

187 4378 227 4444 (9)
247 4380 347 4430 Scholia
357 4380 384 4429 in
398 4381 489 4431 locum.

206 4463 277 4522 Vos.
293 4465 414 4528 11.-15
