2730 5018
99 250 161 311 aar
399 217 402 221 ’
470 240 527 303 66
551 240 693 299 aranu
715 237 937 299 6661666.

103 460 107 467 .
143 408 192 463 66.
218 401 284 480 obj.
299 407 329 461 7.
352 400 420 459 Non
436 399 528 475 magis
544 398 643 456 Mariae
658 398 694 455 de
709 396 821 473 AngeIo
835 395 909 462 viso,
931 404 962 452 et
981 378 1173 467 6666666616
1192 393 1275 470 absqn,
1297 414 1300 419 ·

102 517 258 576 congressu
270 498 394 556 humano
410 495 566 560 ridendum,
581 512 668 566 quant
681 494 780 552 Rheae
794 489 951 568 Sylriaede
966 488 1071 547 Martis
1085 506 1240 563 congressu.

144 599 193 653 61.
215 592 305 669 Resp.
328 590 475 649 Infinitum
491 603 536 647 est
548 590 712 656 discrimen,
738 588 847 664 Sylvius
860 587 940 644 enim
953 584 1031 643 dicto
1045 584 1119 642 nihil
1131 583 1273 660 suffragan.

101 700 164 757 tur3
187 689 281 748 Maria
291 699 385 745 autern
398 706 455 744 non
470 704 502 743 se
512 685 665 743 exhibebat
678 694 790 751 testem,
801 682 854 740 sed
867 682 947 741 Deus
959 681 1000 739 illi
1015 679 1170 745 consuluit,
1183 680 1275 757 bugeio,

102 785 154 857 qui
168 783 329 860 Jnsephum
344 783 485 848 edoceret,
497 781 597 838 misso.
629 778 781 837 Elisabeth
794 778 891 845 etiam,
905 775 1004 834 diriuo
1017 775 1172 851 affulgente
1185 774 1276 851 lumin,
1294 796 1299 809 ·

103 878 239 955 cognorit
250 877 326 950 quod
340 886 474 934 evenerat
487 894 631 943 arcanum,
646 892 767 946 eamque
779 872 931 931 celebravit
944 873 1067 938 beatam,
1083 880 1160 927 tanto
1174 869 1235 929 fon
1243 873 1278 933 16

102 972 238 1031 cundem.
279 973 415 1031 Caelestia
429 991 493 1044 qne
507 985 618 1049 partum
634 971 767 1028 comitata
779 979 847 1026 suut
861 968 999 1044 prodigia,
1011 981 1041 1024 et
1054 985 1119 1039 quae
1131 978 1281 1031 seeutssurt

106 1080 258 1144 pertatem
282 1066 393 1125 Christi
407 1068 503 1133 vitam,
518 1086 577 1124 rem
591 1077 672 1124 extra
685 1082 800 1122 omnem
817 1063 1001 1120 dubitationis
1023 1062 1116 1119 aleam
1137 1075 1279 1136 posuenrnt.
1303 1062 1306 1067 ’

146 1167 196 1221 62.
220 1163 286 1241 Obj.
302 1168 331 1221 8.
354 1164 467 1221 Frustra
493 1164 636 1238 pertexuit
649 1160 802 1219 Mattheus
817 1159 940 1235 Josephi
959 1158 1170 1235 genealogiam,
1194 1156 1218 1214 si
1234 1158 1282 1234 ipsa

104 1256 206 1316 Jesum
222 1258 297 1315 haud
322 1260 460 1334 genuerit.
502 1258 595 1315 Lucas
613 1260 698 1314 etiam
719 1256 826 1331 saepius
847 1272 913 1312 eum
935 1252 1007 1312 Jesn
1029 1262 1142 1329 patrem
1164 1253 1284 1327 appeliat:

105 1364 126 1391 ‘⁶
137 1366 198 1411 erat
211 1366 290 1429 pater
301 1355 363 1429 ejus
378 1367 407 1411 et
421 1367 510 1411 mater
524 1353 706 1411 mirantes.”¹
739 1362 760 1389 ‘⁴
771 1352 838 1419 Fili,
852 1351 921 1424 quid
936 1352 1029 1410 fecisti
1043 1351 1126 1408 uobis
1141 1350 1205 1406 sict
1224 1350 1285 1411 Eun
1315 1360 1318 1367 '

104 1465 183 1527 pater
198 1465 262 1508 tuus
277 1464 306 1508 et
318 1470 373 1526 ego
398 1451 526 1507 dolentes
548 1450 746 1522 querebamus
759 1448 833 1506 te.’‘⁸
873 1448 951 1505 Eum
974 1447 1121 1505 communi
1142 1446 1288 1507 rationeex
1318 1474 1322 1479 ·

106 1560 188 1604 utero
203 1546 388 1622 prodeuntem
404 1547 531 1614 exhibet,
557 1546 621 1603 ideo
635 1546 711 1603 enim
725 1545 836 1603 oblatus
850 1554 895 1601 est
918 1546 948 1600 in
970 1543 1097 1618 templo:
1120 1551 1141 1578 ⁴⁶
1151 1551 1290 1617 postquam

105 1643 217 1719 impleti
231 1654 298 1701 surrt
311 1643 373 1700 dies
389 1644 564 1719 purgationis
578 1644 641 1718 ejus
656 1641 813 1699 secundnm
836 1641 931 1716 legem
946 1640 1058 1716 Moysi,
1082 1639 1207 1696 tulerunt
1223 1640 1292 1699 illum

103 1739 135 1797 iu
150 1738 321 1803 Jerusalem,
333 1753 364 1796 ut
374 1741 507 1796 sisterent
517 1757 583 1795 eum
597 1738 733 1804 Domino,
746 1737 821 1794 sicut
832 1737 970 1811 scriptum
985 1748 1030 1793 est
1044 1737 1074 1793 in
1086 1736 1149 1810 lege
1167 1734 1294 1795 Domini:
1347 1756 1349 1761 ·

105 1835 175 1907 quia
188 1853 274 1892 omne
289 1835 476 1891 masculinum
499 1833 665 1908 adaperiens
680 1832 803 1899 vulvam,
825 1842 956 1889 sanctum
974 1830 1102 1888 Domino
1118 1831 1299 1890 66661666.”1

141 1932 198 1987 63.
219 1928 307 2005 neap.
331 1930 376 1987 Ea
390 1929 426 1985 de
440 1948 525 1985 cansa
541 1927 694 1985 Mattheus
715 1927 910 2003 genealogiam
925 1925 1037 2002 Joseph
1054 1926 1209 2001 pertexuit,
1220 1938 1304 1983 utos·

107 2023 236 2082 tenderet
249 2025 350 2083 166661
366 2043 401 2081 ex
427 2025 544 2081 Davidis
559 2042 623 2079 esse
639 2023 790 2098 progenie:
812 2022 840 2079 id
856 2036 1022 2079 autemnon
1038 2021 1172 2096 exigebat
1185 2033 1216 2077 ut
1229 2020 1305 2079 616-

106 2122 179 2196 seph
196 2140 261 2178 vere
276 2123 448 2197 gigneretur,
463 2139 551 2192 quum
566 2121 629 2196 lege
642 2134 672 2177 et
684 2119 890 2177 cousuetudine
905 2119 1074 2176 haberentur
1088 2118 1140 2174 filii
1155 2119 1205 2189 qui
1219 2117 1304 2194 adop-

107 2220 155 2275 tati
170 2218 289 2285 inerant,
304 2219 378 2274 sieut
390 2217 510 2294 contigit
522 2218 558 2275 iis
573 2219 623 2290 qui
637 2236 675 2275 ex
688 2215 821 2295 secundo
835 2217 1016 2275 matrimonio
1040 2218 1098 2273 nati
1116 2226 1195 2284 sunt,
1220 2218 1310 2293 patrui

105 2313 231 2371 defuncti
256 2315 318 2371 sine
341 2312 419 2388 prole
434 2314 485 2372 filii
506 2316 703 2372 censebantur.
745 2300 841 2380 Quum
864 2315 949 2390 igitur
972 2313 1082 2390 Joseph
1097 2315 1206 2390 conjux
1231 2325 1307 2373 esset

107 2407 219 2473 Mariae,
235 2421 313 2482 pater
327 2408 517 2465 estimabatur
527 2409 579 2469 filii
594 2427 679 2481 quem
696 2410 805 2485 peperit
818 2408 890 2483 ipsa,
905 2409 955 2480 qui
971 2408 1075 2465 idcirco
1089 2410 1221 2467 omnium
1231 2409 1312 2487 jndi-

105 2503 273 2562 cioDavide
285 2504 396 2579 genitus
408 2503 571 2562 hebebatur.
613 2505 718 2562 Meritd
731 2523 786 2562 vox
807 2503 855 2562 itta
876 2504 1006 2580 “pater’'
1027 2523 1135 2562 assero
1155 2506 1309 2580 scriptore,
1332 2486 1335 2491 .

33 2612 39 2633 ¹
76 2602 84 2615 '
105 2610 135 2656 et
148 2617 165 2655 a
179 2599 272 2656 Maria
294 2600 357 2674 ipsa
376 2597 503 2659 adhibita
516 2610 570 2665 est,
595 2618 661 2657 nam
682 2601 769 2676 patris
783 2599 928 2657 obtinebat
951 2600 1059 2666 locum,
1082 2613 1112 2656 et
1132 2599 1307 2676 fungebatur

74 2758 77 2763 ,
107 2712 225 2755 munere
240 2695 368 2770 iosepha
383 2692 461 2753 et-de
474 2695 545 2753 dean
560 2695 660 2753 dicitur
682 2705 701 2731 ‘⁴
714 2697 860 2771 putabatur
873 2695 949 2752 filius
962 2694 1125 2770 Joseph.”⁴
1168 2696 1261 2763 Quod·
1271 2706 1312 2755 at·

44 2864 47 2871 Ι
108 2791 179 2848 tinet
192 2790 225 2847 ad
241 2791 346 2867 legem,
359 2805 526 2849 consuetum
545 2791 716 2867 parturiendi
731 2809 844 2848 cursum
860 2792 1014 2867 spectabat,
1026 2791 1148 2863 ideoque
1164 2810 1224 2849 non
1240 2793 1312 2851 obli·

107 2889 191 2965 gabat
205 2888 326 2949 Mariam
340 2908 348 2955 ς
369 2888 421 2947 sed
434 2908 522 2962 quum
538 2890 636 2946 lateret
650 2898 744 2965 partus
759 2907 902 2953 arcanum,
917 2887 1034 2945 decebat
1044 2897 1075 2944 ut
1087 2907 1151 2947 eam
1167 2900 1307 2948 servaret.

108 2982 179 3043 lude
193 2982 308 3057 quidem
322 2984 423 3041 inferre
439 3003 496 3043 non
511 2986 578 3044 licet
590 3004 664 3048 eam,
680 2985 838 3059 integritate
854 2984 968 3050 amissa,
983 2985 1142 3058 peperisse,
1160 3003 1252 3055 quum
1267 2984 1308 3043 di·

106 3080 173 3135 vina
189 3079 283 3153 proles
306 3080 403 3136 altiora
418 3080 452 3136 de
466 3092 556 3139 matre
570 3081 674 3137 sentire
692 3064 800 3154 jubeat,
826 3091 855 3137 et
878 3080 917 3136 ita
936 3080 1058 3136 senserit
1077 3089 1133 3136 tota
1155 3081 1308 3153 antiquitas

45 3222 55 3235 .
107 3174 280 3231 Christiana.
308 3184 327 3210 “
341 3175 407 3248 Ipsa
422 3176 508 3231 virtus
523 3194 573 3250 per
588 3176 728 3232 inviotata
744 3176 840 3232 matris
857 3176 984 3251 virginea
998 3175 1107 3233 viscera
1121 3179 1251 3235 membra
1267 3179 1307 3235 in·

107 3269 191 3327 santis
203 3268 311 3334 eduxit,
326 3287 389 3340 quae
406 3282 503 3343 postea
518 3289 568 3343 per
581 3271 676 3325 clausa
688 3271 761 3326 ostia
772 3270 899 3329 membra
909 3272 1025 3346 juvenis
1038 3272 1203 3329 introduxit.
1248 3273 1306 3330 Hic

106 3366 133 3422 si
148 3365 218 3423 ratio
233 3366 376 3436 quaeritur,
392 3382 449 3421 non
464 3365 517 3421 erit
530 3365 676 3421 mirabile:
699 3366 723 3421 si
738 3366 903 3441 exemplum
919 3367 1055 3442 poscitur,
1071 3386 1126 3423 non
1142 3368 1195 3424 erit
1209 3368 1307 3444 singu·

106 3463 175 3521 lare.
218 3461 328 3519 Demus
351 3461 446 3518 Deum
461 3461 567 3535 aliquid
589 3481 685 3538 posse,
712 3462 788 3534 quod
814 3481 867 3520 uns
891 3463 1029 3521 fateamur
1054 3465 1228 3539 investigare
1249 3483 1308 3523 uon

107 3575 204 3633 posse.
246 3556 279 3614 16
298 3557 399 3614 talibus
424 3559 509 3615 rebus
533 3566 591 3617 tota
615 3559 685 3615 ratio
707 3542 773 3615 faeti
796 3568 841 3616 est
864 3559 991 3633 potentia
1014 3559 1190 3619 faciendas*
1230 3561 1305 3618 Item

107 3653 279 3713 Hormisdas
292 3655 327 3711 P.
350 3664 369 3690 ‘⁶
383 3657 475 3727 utqui
490 3664 554 3713 ante
569 3667 697 3731 tempora
711 3664 771 3713 erat
785 3655 875 3712 Filius
888 3654 954 3722 Dei,
980 3655 1059 3713 fieret
1073 3656 1148 3714 filius
1167 3657 1307 3726 hominis,

106 3758 135 3807 et
148 3763 310 3809 nasceretur
323 3771 359 3809 cx
375 3762 501 3828 tempore
517 3753 641 3810 hominis
656 3771 746 3820 more,
760 3752 859 3810 matris
870 3752 983 3809 vulvam
995 3763 1077 3810 natus
1089 3773 1148 3811 non
1161 3756 1306 3831 aperiens,

105 3857 136 3905 et
149 3846 337 3924 uirginitatem
351 3850 448 3907 matris
463 3850 573 3906 deitatis
587 3850 687 3907 virtute
702 3869 759 3906 non
773 3848 900 3906 solvens.
929 3849 1055 3927 Dignum
1068 3851 1151 3926 plane
1164 3848 1230 3911 Deo
1243 3870 1309 3909 nas·

106 3954 188 4003 cente
202 3946 383 4020 mysterium,
399 3956 430 4003 ut
443 3958 567 4006 servaret
581 3960 692 4024 partum
706 3948 768 4005 sine
783 3946 974 4025 corruptione,
989 3949 1038 4022 qui
1053 3956 1222 4026 conceptum
1238 3948 1309 4008 fecit

107 4059 171 4099 esse
187 4041 249 4099 aine
263 4042 423 4099 semine.”⁰

273 4236 310 4293 (1)
329 4231 389 4282 Luc.
401 4233 426 4281 ii.
439 4235 478 4281 33.
928 4237 970 4302 (2)
990 4236 1052 4288 Luc.
1064 4239 1087 4288 11.
1099 4241 1141 4289 48.

274 4319 316 4382 (6)
336 4316 397 4365 Luc.
409 4316 434 4365 ii.
446 4320 487 4364 22.
927 4324 964 4384 (4)
984 4320 1045 4372 Luc.
1059 4323 1094 4372 iii.
1105 4325 1146 4371 2³.

273 4405 311 4462 (6)
329 4401 353 4449 S.
363 4400 428 4463 Aug.
439 4416 477 4465 ep.
489 4400 515 4449 11.
527 4399 556 4449 ad
568 4400 741 4454 Volusianum.

270 4489 308 4549 (6)
326 4486 373 4554 Ep.
383 4488 460 4537 lxxix.
472 4486 501 4536 ad
513 4486 603 4537 Justiu.
615 4487 677 4552 Imp.
