2744 5024
117 256 166 315 ,70
547 249 605 312 DE
625 248 900 312 DAEMONIBUS.

127 407 264 467 adrcmm
284 407 403 467 insidias
424 406 540 468 diaboli.
581 410 725 476 Quoniam
747 404 875 468 nonest
894 409 978 467 nobis
1001 406 1166 467 colluctatio
1190 388 1303 468 adventi

127 522 242 561 carnem
269 516 299 561 et
324 505 508 581 sanguinem,
534 504 588 563 sed
611 504 748 563 adversus
773 505 918 581 principes
943 514 974 561 et
996 512 1165 580 potestates,
1190 504 1302 562 adversat

127 596 226 657 mundi
240 609 365 656 rectores
387 601 566 658 tenebrarum
581 600 692 667 harum,
706 610 804 658 contra
822 598 981 676 spiritualia
999 598 1149 670 nequitiae,
1163 599 1193 656 in
1206 598 1303 656 coelssti·
1332 612 1335 617 '

127 691 228 751 btts.’'²
255 698 316 759 πρὸς
327 694 361 747 τὸ
373 695 526 762 mend
536 712 580 762 της
591 692 712 762 πονηρίας,
722 699 748 747 tv
757 697 810 754 ris
818 690 972 761 ιιωυρώις.
1012 691 1082 749 Fuit
1096 701 1224 750 veterum
1236 691 1304 768 scrip

128 798 221 847 torum
235 786 377 845 sententia
390 783 459 840 satis
474 779 636 839 communis
650 782 807 849 demones,
821 785 937 842 nonnisi
951 790 1018 862 post
1028 787 1165 845 ultimum
1179 786 1305 847 bonnm

125 881 277 960 judicium,
292 897 409 958 pronam
430 874 507 953 iguis
528 892 674 951 passuros,
696 877 866 950 interimque
890 879 978 937 libere
992 881 1087 957 vagari
1108 900 1162 958 per
1181 888 1308 947 aeremtt

129 979 294 1039 hominibus
308 975 451 1036 insidiari:
466 985 600 1031 ceterum
612 973 816 1048 Apostolorum
829 974 941 1033 laudata
951 978 1115 1035 testimonia
1125 976 1164 1035 de
1176 975 1213 1035 iis
1226 976 1259 1034 ad
1270 984 1308 1035 tm

129 1086 232 1141 tarum,
241 1073 384 1133 etinferos
394 1068 517 1129 detrusis
527 1070 656 1144 exigunt,
668 1079 700 1125 ut
708 1068 860 1143 plerosque
871 1088 984 1128 carcere
994 1071 1153 1129 inferorum
1161 1088 1310 1130 censeamus
1325 1092 1328 1099 ·

130 1172 261 1239 detineri,
276 1169 408 1243 quamvis
423 1166 576 1226 nonnullos
596 1165 676 1222 illinc
690 1165 842 1236 aliquando
863 1185 1020 1244 emergere,
1033 1179 1063 1225 et
1082 1169 1114 1226 in
1131 1187 1198 1226 aere
1211 1167 1246 1226 ad
1258 1178 1312 1226 tcm-

113 1278 185 1345 'pus
208 1269 315 1325 versari
339 1265 394 1322 alia
410 1261 549 1321 suadeant
570 1261 758 1318 testimonia·
798 1260 862 1318 Hos
883 1281 941 1320 nou
963 1264 1045 1323 omni
1066 1264 1214 1340 supplicio
1234 1280 1312 1321 carere

127 1366 251 1439 domist,
265 1379 353 1434 quum
369 1372 398 1417 et
410 1359 531 1416 visionis
545 1359 637 1417 beatae
649 1358 771 1432 privatio
784 1359 823 1415 sit
842 1359 987 1435 precipua
1000 1377 1106 1436 poena,
1121 1379 1210 1433 quam
1224 1359 1314 1418 crucis·

131 1448 212 1519 tuttt'rt
226 1455 386 1533 expectatio
408 1467 484 1514 certa
500 1465 593 1532 auget.
635 1453 781 1519 Ceterum
794 1453 956 1512 daemonum
971 1456 1101 1513 omnium
1124 1454 1270 1532 supplbia
1281 1471 1317 1511 au·

131 1553 224 1632 genda
234 1573 298 1623 esse
310 1565 375 1631 post
383 1552 527 1630 judicium
538 1570 596 1610 non
607 1562 651 1608 est
662 1551 880 1611 inverosimile.⁸
920 1551 1006 1618 Quod
1017 1552 1053 1610 ad
1063 1571 1158 1629 poenae
1170 1570 1288 1628 genus
1270 1540 1318 1611 atti·

131 1664 189 1718 net,
206 1669 295 1724 quum
316 1650 392 1727 ignis
412 1649 526 1707 diabolo
545 1659 575 1706 ct
588 1647 696 1724 angelis
719 1648 782 1725 ejus
802 1656 918 1724 paratus
940 1648 1059 1718 dicatur,
1080 1649 1209 1725 theologi
1231 1662 1321 1706 omuct

131 1745 314 1828 consentiunt
328 1765 426 1804 verum
446 1753 475 1803 et
487 1763 655 1822 corporeum
676 1745 783 1820 ignem,
799 1744 929 1816 quamvis
949 1744 1107 1816 abeoquo
1127 1745 1236 1802 utimur
1247 1746 1321 1821 longe

117 1824 291 1913 diversum,
306 1862 357 1903 eos
372 1844 509 1910 cruciare,
522 1842 598 1915 quod
615 1855 708 1899 tamen
723 1841 801 1899 nullo
811 1840 951 1899 Ecclesia
966 1840 1079 1900 decreto
1093 1842 1189 1899 adhuc
1203 1842 1327 1919 obsigna

78 2002 89 2021 ,
134 1952 194 2003 turn
208 1961 273 2002 erse
289 1943 424 2002 Petavius
440 1950 505 2016 post
526 1939 715 2011 Vasqnesium
729 1943 832 1996 notat.⁴
872 1925 950 1996 Fieri
964 1950 1059 1997 autem
1069 1957 1157 2015 posse
1172 1949 1205 1997 ut
1218 1940 1335 2019 spiritns·

87 2072 92 2081 =
135 2040 202 2117 igne
217 2056 356 2115 corporeo
370 2037 510 2094 crucietur
524 2034 625 2090 suadet
636 2032 714 2105 quod
728 2035 757 2091 in
772 2034 826 2090 hac
841 2035 897 2092 rita
908 2034 982 2091 inter
995 2036 1120 2092 animam
1130 2043 1164 2092 et
1173 2053 1280 2111 corpus
1292 2037 1327 2109 ip·

131 2130 253 2195 mandit
273 2129 487 2189 commercium.
528 2128 706 2205 Augustinus
729 2127 845 2197 idcirco,
861 2128 963 2187 dubius
985 2129 1053 2187 licet
1072 2138 1168 2186 utrum
1189 2129 1327 2188 demorer

115 2226 298 2304 :incorporei
312 2243 430 2302 prorsus
444 2223 546 2290 forent,
562 2241 613 2281 eos
634 2224 700 2300 igne
714 2224 834 2282 cruciari
856 2243 943 2301 posse
956 2225 1049 2283 lassus
1064 2233 1125 2283 cst:
1149 2234 1171 2262 ‘⁶
1183 2224 1247 2283 Cur
1259 2225 1337 2284 enin·

135 2342 194 2384 non
208 2323 346 2390 dicemus,
360 2321 490 2395 quamvis
499 2320 591 2389 miris,
604 2330 698 2380 tamen
710 2322 785 2379 veris
800 2322 904 2389 modis,
919 2323 1004 2380 etiam
1018 2323 1135 2398 spiritus
1150 2316 1329 2399 incorporent

136 2438 223 2498 posse
238 2437 324 2495 poeua
337 2418 493 2494 corporalis
507 2417 582 2494 ignis
599 2418 685 2486 affici,
700 2419 725 2476 si
740 2419 856 2494 spiritus
870 2419 1020 2479 hominum
1035 2420 1120 2478 etiam
1135 2421 1195 2496 ipsi
1209 2416 1330 2496 proiecti

136 2515 307 2592 incorporei,
322 2523 351 2574 et
364 2532 440 2572 nnnc
463 2525 615 2591 potuerunt
627 2514 735 2573 includi
755 2515 950 2590 corporalibus
970 2516 1118 2584 membris,
1132 2525 1163 2572 et
1177 2525 1248 2574 tunc
1261 2525 1332 2592 pote

137 2619 202 2669 runt
215 2626 369 2687 corporum
389 2629 505 2666 suorum
522 2610 644 2667 vinculis
666 2611 854 2667 insolubiliter
875 2611 1007 2686 alligari?
1047 2611 1246 2669 Adhaerebnnt
1259 2629 1331 2688 ergo,

137 2706 163 2763 si
178 2705 255 2763 nulla
269 2715 335 2763 sunt
349 2705 391 2762 eis
413 2722 542 2780 corpora,
558 2704 675 2780 spiritus
696 2704 869 2770 demonum,
884 2706 943 2761 imn
966 2707 1083 2781 spiritus
1098 2707 1259 2771 demones,
1274 2707 1335 2764 licei

138 2802 311 2879 incorporei,
327 2801 472 2876 corporeis
487 2800 601 2875 ignibus
613 2798 804 2856 cruciandi.’'⁵
845 2798 933 2857 Porro
945 2800 1086 2876 supplicia
1097 2801 1146 2857 illa
1158 2809 1267 2857 mtema
1279 2800 1336 2859 iore

137 2917 175 2958 ex
190 2899 299 2957 Christi
315 2899 407 2956 verbis
423 2906 548 2955 constat:
565 2896 614 2953 sed
637 2895 704 2952 de
686 2915 722 2952 ns
743 2896 835 2953 fusius
851 2895 1025 2954 disseremus
1046 2907 1155 2997 postea,
1171 2897 1290 2969 quando
1304 2897 1336 2957 do

138 2996 291 3073 impiorum
307 2997 400 3070 poenis
414 2992 490 3069 apud
504 2992 609 3048 inferos
625 2992 798 3050 tractandum
814 2994 876 3050 erit
1279 3049 1280 3053 ,

178 3093 247 3146 201.
271 3086 426 3144 Daemones
441 3104 505 3142 esse
526 3097 665 3160 negarunt
678 3087 785 3162 plures,
801 3088 1010 3164 Scripturarum
1025 3089 1117 3165 palam
1133 3099 1231 3164 spreta
1246 3099 1337 3147 aucto

138 3185 237 3243 ritate:
255 3183 302 3241 alii
317 3201 350 3240 ea
365 3182 393 3239 in
408 3191 478 3248 tuto,
491 3181 516 3238 si
531 3182 602 3257 ipsis
614 3182 722 3250 eredas,
738 3185 840 3258 posita.
883 3185 958 3242 Sunt
970 3187 1047 3243 enim
1062 3188 1111 3258 qui
1126 3181 1337 3262 Scripturarum

138 3280 298 3339 locutiones
322 3277 356 3335 de
378 3276 500 3344 diabolo,
515 3277 629 3342 sanna,
652 3278 839 3348 demonibus,
855 3281 994 3342 adhibitas
1020 3282 1118 3340 dicunt
1139 3292 1170 3341 ut
1190 3283 1272 3340 notio
1295 3283 1337 3340 ab

138 3386 242 3434 structa
256 3375 365 3437 maliet
385 3374 552 3432 calamitatis
573 3374 695 3432 vividius
716 3379 931 3453 exprimeretur.
972 3379 1031 3436 Alii
1051 3379 1150 3437 dicunt
1169 3380 1337 3456 popularem

138 3471 227 3530 luisse
241 3470 407 3529 Judeorum
428 3488 551 3528 errorem
567 3469 602 3526 de
624 3471 705 3527 maiis
720 3473 823 3547 geniis,
838 3492 911 3544 quos
927 3485 1055 3533 auctores
1070 3493 1184 3532 suarum
1200 3493 1337 3533 erumna·

138 3584 201 3625 rum
224 3565 391 3632 habuerunt,
408 3564 633 3640 Babyloniorum
653 3566 754 3623 imbuti
775 3568 986 3642 superstitione,
1001 3588 1046 3626 ex>
1060 3587 1118 3641 quo
1139 3569 1241 3627 exules
1255 3568 1337 3646 dege

138 3664 222 3722 bant:
247 3680 370 3735 eumque
387 3661 504 3720 Christo
525 3662 652 3721 Domino
674 3662 748 3719 haud
763 3665 922 3739 probatum,
937 3665 989 3722 sed
1010 3665 1169 3734 toleratum,
1184 3667 1337 3726 occasione

140 3759 206 3818 inde
221 3770 335 3835 sumpta
348 3767 379 3814 ut
392 3757 523 3817 homines
545 3758 581 3817 ad
594 3759 739 3834 pietatem,
754 3770 783 3816 et
802 3760 905 3819 divine
921 3763 1031 3819 virtutis
1053 3762 1274 3821 admirationem
1288 3774 1337 3822 tra

140 3855 333 3915 ducerentur.⁸
372 3855 490 3915 Frustra
510 3856 592 3933 plane
614 3867 680 3914 sunt
693 3857 744 3930 qui
762 3857 970 3934 allegoriarum,
986 3867 1142 3938 troporum,
1158 3859 1337 3920 velaliorum

140 3952 210 4034 styli
223 3962 383 4021 ornatuum,
396 3953 470 4030 apud
483 3952 654 4022 Orientales,
665 3971 730 4029 ope,
743 3962 900 4031 sperantes
914 3973 1001 4032 posse
1015 3955 1050 4014 ad
1063 3974 1109 4014 res
1123 3965 1282 4015 stercutus
1298 3976 1337 4018 re·

242 4417 303 4466 Ibid.
315 4433 337 4466 c.
347 4433 370 4466 v.
411 4431 452 4466 vr.

241 4499 271 4550 L.
282 4501 333 4551 xxi.
345 4501 375 4551 ds
364 4415 491 4552 {iniDei
498 4517 519 4552 ο.
530 4516 555 4552 x.
588 4501 651 4552 Vide
663 4510 688 4552 et
699 4503 829 4555 Patavium
839 4505 870 4555 de
881 4505 985 4568 Angelis
992 4507 1008 4557 1.
1020 4507 1054 4557 iii
1062 4524 1083 4558 n
1095 4524 1118 4556 v.
1129 4512 1144 4568 ς
1157 4509 1206 4558 xiv.

242 4583 332 4643 Ῥιιοιιι,
344 4585 502 4643 Bartholiuut
512 4587 552 4648 lib.
563 4587 594 4646 de
604 4589 694 4643 morbis
704 4589 761 4647 bibl.
772 4597 816 4642 art.
830 4592 869 4665 ¹⁹:
891 4589 1157 4651 moenimenta.
1168 4595 1210 4656 24,
1223 4594 1337 4653 Matthaei.
