2744 5024
447 277 504 338 DE
526 279 698 338 HOMlNE
719 279 866 341 LAPSO.
1216 290 1256 346 tt

230 356 272 425 ιι,
297 352 348 421 ›tii-

88 437 133 498 dab'
127 447 172 495 rtur
181 435 233 494 illi.
235 434 270 472 ”²
291 412 407 509 *hum
420 453 502 494 sacer
521 436 644 511 scriptor
662 435 804 513 legentem
819 437 988 514 alloquatur,
999 439 1090 512 liquet
1104 440 1254 500 hominem

88 533 171 608 lapsum
183 550 217 588 ea
230 549 283 607 pro
297 530 411 590 arbitrio
424 531 526 608 agendi
541 531 669 589 facultate
683 532 757 589 frui:
781 533 859 606 quod
873 534 1000 593 illusorie
1014 545 1043 592 et
1056 535 1129 594 falso
1144 535 1251 594 dicere·

33 664 36 689 ι
89 640 128 695 tur,
137 629 157 685 si
169 629 338 703 neoessitate
353 646 533 702 quacumque
547 626 790 686 determinaretur.

119 729 170 783 153.
189 710 284 784 Caino
298 725 386 783 cedis
408 743 458 784 reo
480 725 552 783 dixit
572 725 671 781 Deus:
694 725 820 790 “Quare
841 727 928 785 iratus
943 729 995 786 est
1017 738 1046 786 et
1061 748 1112 786 cur
1132 728 1257 788 concidit

88 820 150 878 facies
163 822 225 878 tuat
257 820 369 879 Nonne
390 822 416 878 si
438 821 512 878 bene
533 820 635 896 egeris,
650 819 794 895 recipies?
822 823 867 880 sin
889 832 982 881 autem
1007 823 1093 887 male.
1109 825 1205 882 rtatim
1227 825 1256 882 iu

33 948 35 953 ·
90 915 330 993 loribuspeccatum
342 916 456 979 aderitl
486 915 544 973 Sed
557 917 609 972 sub
625 924 651 971 te
666 916 719 974 erit
733 919 874 992 appetitus
889 920 962 994 ejus,
978 929 1007 976 et
1020 930 1050 976 tu
1064 919 1256 978 dominaberis

87 1011 168 1068 iliu
207 1014 267 1091 ts·
270 994 393 1122 boon
421 1023 528 1122 nunt,
554 996 716 1125 triptota
758 994 882 1121 uber
916 1015 990 1090 ip..
1014 1032 1098 1071 voces
1124 1014 1258 1072 adhibite

89 1138 136 1186 sunt
146 1139 171 1187 ut
183 1132 351 1189 mulieris
325 1150 385 1189 vtro
396 1133 535 1208 subjectio
547 1095 743 1192 declareietur
747 1139 758 1168 ⁸
779 1133 966 1190 Dominatur'
960 1132 1044 1208 igitur
1058 1131 1146 1188 homo
1158 1131 1257 1208 lapsus

88 1237 185 1300 peccato,
200 1227 327 1300 illudque
343 1246 395 1304 pro
409 1229 523 1298 arbitrio
538 1231 745 1306 complectitur,
762 1229 807 1287 vel
821 1229 937 1306 respuit.

33 1368 37 1375 .
114 1321 249 1381 Probatur
262 1325 321 1383 ΙΙ.ο
331 1325 462 1383 Petrum
475 1327 660 1387 auctoritate.

33 1418 36 1507 ζ
116 1424 168 1479 154.
182 1421 336 1480 cymices
349 1425 600 1482 Anaxartmunns:
625 1426 706 1482 “Sui
718 1426 791 1502 juris
804 1433 856 1492 est,
870 1423 942 1481 etad
957 1423 986 1481 id
1001 1422 1076 1497 quod
1089 1424 1144 1480 sibi
1159 1423 1255 1480 visum

88 1525 125 1582 est,
136 1519 217 1575 soluta
231 1520 360 1595 cujusvis
375 1521 501 1577 hominis
517 1531 561 1577 est
578 1541 670 1578 mens.
712 1522 806 1588 Quare
820 1522 888 1577 licet
906 1521 988 1578 malis
1011 1521 1122 1595 legibus
1138 1518 1254 1592 quidam

64 1680 69 1692 .
90 1609 113 1666 ad
124 1611 147 1668 id
158 1612 231 1685 quod
244 1623 353 1673 rectum
368 1634 425 1673 non
440 1627 494 1684 est,
505 1618 625 1674 instituti
640 1619 707 1685 siut,
723 1617 756 1674 ad
772 1617 891 1673 meliora
905 1616 986 1673 facile
1002 1634 1032 1671 se
1048 1615 1216 1672 transferent
1228 1625 1258 1671 et

88 1707 152 1775 utilia,
165 1711 188 1766 si
203 1711 300 1779 velint,
318 1731 382 1770 cum
398 1723 503 1770 naturae
516 1713 626 1789 legibus
641 1713 677 1770 ad
699 1714 790 1788 turpia
804 1731 862 1769 non
884 1714 940 1768 sint
955 1711 1077 1786 allegati,
1098 1729 1192 1782 neque
1207 1729 1257 1768 ne·

88 1807 188 1863 cessariis
203 1808 374 1880 quibusdam
400 1810 611 1868 attractionibus
634 1819 735 1884 praeter
750 1809 921 1865 voluntatem
944 1817 1091 1893 cogantur.
1134 1805 1203 1873 Sed,
1226 1817 1258 1863 ut

89 1894 138 1967 dixi,
150 1902 231 1958 lieet
224 1903 296 1978 tpsis
314 1903 402 1960 libere
417 1904 561 1961 transferri
576 1903 610 1959 ad
625 1903 653 1959 id
668 1902 743 1975 quod
759 1903 862 1959 melius
877 1901 940 1957 est!
945 1901 969 1933 ’⁴

33 1950 39 2075 1
116 1999 169 2055 155
190 1998 444 2058 Gunusosronrus:
477 2010 496 2036 ‘⁴
507 2002 662 2077 Propterea
686 2010 711 2057 te
735 2001 814 2056 Deus
836 2000 917 2056 liberi
942 1998 1048 2055 arbitrii
1074 1997 1152 2063 feeit,
1167 2006 1198 2054 ut
1218 2016 1278 2071 neg

87 2095 242 2164 postmodum
255 2097 421 2172 expostules
436 2117 502 2155 cum
517 2099 590 2174 ipso,
607 2107 750 2170 tamquam
770 2097 939 2153 necessitate
952 2095 1134 2152 constrictus.
1138 2093 1169 2129 ”⁵

117 2192 181 2249 156.
189 2192 381 2252 anrcrus:‘
386 2193 567 2264 ‘Unicuique
583 2204 709 2250 nostrum
726 2193 801 2248 intus
814 2193 888 2248 inest
902 2202 1007 2248 statera
1019 2190 1147 2262 quedam
1163 2211 1256 2250 acon-

33 2274 35 2281 ’
89 2279 155 2343 litore
166 2298 262 2347 nostro
276 2290 419 2355 fabricata,
435 2288 464 2345 in
480 2307 535 2360 qua
549 2308 643 2345 rerum
658 2298 755 2345 natura
770 2288 892 2345 discerni
914 2296 1009 2362 potest
1028 2285 1148 2353 Posuit,
1164 2287 1257 2359 inquit

88 2374 152 2438 Dent.
165 2389 210 2452 30,
228 2388 275 2452 15,
290 2391 343 2442 ont
345 2403 358 2441 e
370 2383 513 2462 faeiem!
515 2403 587 2442 uem
601 2384 737 2443 vitamet
751 2391 829 2441 mort
831 2402 885 2450 em,
901 2383 1052 2441 bonumet
1040 2381 1192 2450 tmolum,
1208 2402 1256 2441 na·

34 2502 41 2509 ·
87 2478 143 2531 ltras
155 2478 242 2536 duas'
235 2481 359 2536 invicem
374 2480 531 2554 oppositas
573 2480 632 2536 Eas
648 2491 677 2536 tu
691 2498 727 2536 ex
743 2479 861 2535 adverso
877 2479 986 2552 privato
998 2479 1027 2533 in
1038 2477 1150 2552 judicio
1165 2486 1214 2535 tuo
1227 2489 1256 2534 et

33 2626 35 2633 ,
87 2573 191 2630 canitie
204 2574 370 2650 ponderato.
412 2573 555 2649 Expende
570 2574 718 2650 diligenter
733 2574 801 2647 quid
817 2575 866 2630 tibi
882 2568 972 2649 magis
988 2572 1131 2648 expediat,
1146 2582 1254 2632 utrum·

87 2679 135 2725 flam
147 2674 338 2748 temporariam
350 2673 454 2748 eligere
470 2672 653 2748 voluptatem,
670 2685 698 2728 et
718 2689 769 2746 per
783 2671 876 2745 ipsam
892 2679 1013 2726 mortem
1028 2670 1189 2740 consequi
1181 2687 1254 2726 scm·

87 2757 206 2835 pilernam,
222 2787 257 2824 an
278 2768 404 2824 laborem
420 2776 447 2823 et
467 2768 695 2842 perpessionem,
711 2784 773 2836 quae
796 2765 871 2819 inest
884 2763 913 2819 in
928 2763 1129 2818 exercitatione
1145 2762 1254 2818 virtutis

87 2851 209 2931 eligentem
224 2882 288 2920 eam
303 2863 438 2919 adhibere
453 2861 674 2920 conciliatricem
691 2871 800 2915 aeternae
818 2856 926 2913 vitae.”⁰

117 2957 171 3016 157.
190 2956 334 3019 orsurus
350 2960 581 3016 Mrcnvmnuus:
599 2955 763 3027 “Denique
779 2944 907 3010 voluntas
923 2953 1007 3009 habet
1021 2970 1145 3027 pennam,
1157 2968 1255 3008 neces·
1330 3016 1340 3033 ι,

87 3044 137 3106 titas
148 3056 265 3115 renium.
286 3055 442 3113 Homicida
456 3056 560 3122 scelus,
575 3054 642 3111 dnm
658 3071 743 3109 nemo
756 3053 840 3127 cogit,
854 3062 948 3126 potest
959 3062 987 3107 et
1001 3050 1102 3115 facere,
1118 3057 1213 3125 potest
1226 3058 1255 3106 et

86 3154 127 3202 1¹0ss
138 3149 230 3211 lacere.
267 3144 609 3217 ΔΑι1ιι11ειιίιιιιιἰιιιιιὴιιει
625 3149 693 3206 dum
708 3148 813 3206 deforis
829 3168 913 3205 nemo
928 3148 1083 3223 compellit,
1099 3157 1193 3223 potest
1205 3146 1252 3204 ad·

85 3237 178 3314 mittere,
193 3258 289 3323 potest
308 3257 337 3304 et
350 3267 407 3304 non
423 3245 568 3304 admittere
582 3265 589 3312 ;
614 3256 642 3301 et
655 3254 758 3302 caetera
772 3243 947 3320 hujusmodi,
963 3243 992 3301 in
1008 3243 1110 3316 quibus
1131 3243 1252 3300 liberum

44 3354 49 3360 ·
83 3325 177 3400 habetur
194 3344 391 3401 arbitrium.”⁷'
677 3351 679 3355 ’

115 3435 170 3496 158.
189 3440 394 3509 Enumeratio,
417 3440 500 3498 lsaiae
526 3439 690 3496 testimonio
711 3438 837 3504 recitato,
855 3436 1069 3493 animadvertit:
1094 3435 1172 3493 “Ex
1193 3455 1251 3508 quo

81 3536 206 3609 Perspicua
221 3537 301 3605 illud,
317 3557 349 3594 ac
364 3539 433 3595 citra
447 3538 652 3594 dubitationem
666 3535 796 3601 efficitur,
812 3535 930 3590 liberum
949 3535 1094 3590 arbitrium
1110 3533 1219 3589 homini
1234 3553 1250 3590 a

80 3615 129 3684 Deo
140 3651 198 3707 esse
212 3625 393 3700 concessum,
402 3653 474 3691 ‘curn
486 3634 524 3690 ita
537 3652 633 3707 perse
648 3631 738 3688 dixit:
763 3631 811 3688 ‘'Si
825 3629 980 3695 volueritis,
992 3629 1055 3685 etsi
1070 3627 1217 3684 nolueritis
1229 3628 1248 3696 ;’

79 3715 133 3782 adec
145 3737 173 3787 ut
191 3732 264 3788 bene
279 3749 372 3807 agere,
388 3721 436 3789 vel*
454 3730 542 3788 malas
557 3748 602 3787 res
624 3729 826 3803 concupiscere
841 3729 870 3785 in
892 3727 969 3784 illius
985 3726 1097 3783 arbitrio
1112 3725 1150 3784 sit
1169 3724 1251 3785 relio-

79 3819 165 3877 lumjls

110 3920 166 3978 159.
188 3922 342 3981 (luiturus
365 3923 689 3980 Hircosocu‘urrtnus:
725 3917 852 3973 “Liberi
874 3915 980 3971 arbitrri
1006 3923 1050 3970 est
1070 3917 1173 3972 anima.
1210 3915 1251 3972 Et

77 3999 185 4075 diabolus
207 4035 360 4094 suggerere
380 4017 495 4090 quidem
516 4023 628 4092 potest;
648 4012 846 4072 necessitatem
861 4006 927 4065 verb
947 4007 1046 4066 afferre
1066 4027 1124 4066 non
1145 4017 1249 4084 potest.

78 4095 198 4186 Proponit
212 4115 262 4170 tibi
283 4114 375 4190 stupri
389 4112 600 4190 cogitationem.
643 4110 676 4166 Si
691 4109 745 4175 vis,
760 4126 822 4165 eam
844 4104 994 4172 admisisti,
1010 4105 1107 4163 sinon
1122 4104 1175 4174 vis,
1191 4123 1250 4163 non

1324 3102 1342 3153 ’.Ι

95 4269 138 4337 (1)
155 4276 221 4327 Eecl.
233 4293 274 4326 xv.
288 4278 327 4325 14.
393 4320 395 4325 ,

105 4355 138 4424 (2)
156 4361 218 4411 Gen.
230 4363 262 4411 iv.
275 4366 299 4410 t.

675 4274 703 4339 5)
723 4272 799 4321 Hom.
809 4270 859 4320 xiv.
870 4269 933 4318 int.
944 4269 1043 4320 adcor.

665 4358 676 4422 (
726 4357 831 4406 Inhom
845 4353 925 4405 edPs.
937 4355 979 4405 lxi.

661 4275 672 4337 (

679 4360 693 4404 6

104 4441 138 4508 (3)
156 4447 260 4496 Geniii.
274 4448 314 4495 16.
600 4441 692 4506 (7
724 4439 755 4489 L
768 4440 997 4490 endeschiemete
1008 4435 1201 4488 Donetstamm

105 4525 488 4593 (dinumeraturum.
680 4524 854 4576 emme
