2744 5024
320 304 378 365 DE
398 304 501 367 JESU
523 304 695 366 CHRISTI
716 307 976 379 Dtvlnffffl,
1207 315 1264 374 lod

65 468 191 528 erenturt
213 463 346 534 quamvis
360 472 389 522 et
407 463 484 521 Filio
495 474 526 522 et
540 462 660 541 Spiritui
681 465 786 522 Sancto
800 483 915 538 quoque
933 465 1099 524 tribuantur.
1141 432 1266 533 Quaeris

68 563 201 630 potestate
215 557 272 616 sibi
287 577 304 616 a
316 559 400 630 Patre
414 557 479 619 data
492 558 571 629 dicit,
584 571 615 618 ut
624 579 712 638 opera
732 561 780 619 illa
794 560 908 628 laceret,
922 559 957 618 ad
968 561 1122 621 humanam
1136 575 1264 622 naturam

73 650 210 710 referenda
223 663 302 723 sunt,
324 654 399 714 sieut
411 665 441 714 et
460 665 562 714 cetera
580 656 616 714 de
636 657 708 714 datis
723 658 835 725 ovibus,
858 657 893 714 de
908 657 1044 716 mistione
1058 668 1087 716 et
1107 659 1264 718 sanctitica-

77 748 155 806 tione:
176 749 230 807 sed
243 749 279 808 de
294 751 401 810 unitate
410 761 518 834 naturae
530 753 633 811 divine
644 754 676 811 in
690 754 774 813 Patre
785 763 814 812 et
827 754 902 811 Filio
915 753 992 827 quod
1004 755 1095 813 semel
1108 755 1265 814 affirmave-

56 918 59 923 .
81 853 113 902 ret
120 863 273 918 numquam
286 847 455 916 retractavit:
471 849 601 921 quamvis
614 859 781 926 argumento
792 868 862 907 usus
871 849 909 907 sit
920 847 938 906 J
941 849 1028 907 udaeis
1040 850 1265 918 accommodato,

10 988 13 997 .
84 957 128 1012 quo
139 941 312 1000 minneretur
325 961 425 1002 eorum
439 943 527 1012 furor,
548 955 577 1003 et
591 946 680 1003 animi
694 945 912 1021 disponerentur
924 946 961 1004 ad
975 948 1145 1022 mysterium
1159 949 1266 1024 ascipi-

11 1040 16 1047 '
86 1035 270 1110 endum,quod
283 1039 387 1098 itemm
400 1041 571 1100 insinuavit:
595 1050 615 1079 ‘⁶
626 1042 712 1101 Pater
725 1043 756 1099 in
768 1060 814 1100 me
829 1053 883 1110 est,
894 1047 924 1099 et
937 1061 991 1120 ego
1005 1044 1036 1101 in
1049 1044 1166 1103 Patre.'’
1199 1038 1204 1053 '

113 1136 154 1190 86.
177 1131 245 1213 obj.
261 1139 293 1192 2.
314 1134 455 1194 Parallela
473 1136 537 1195 loen
557 1136 713 1195 ostendunt
732 1139 869 1195 unitatem
884 1138 1047 1211 voluntatis,
1071 1156 1129 1197 non
1149 1134 1266 1207 natur're,

10 1232 16 1284 'r
56 1234 60 1249 '
89 1227 215 1307 designari.
258 1232 332 1291 Post
344 1252 456 1292 eoenam
471 1233 602 1292 ultimam
616 1254 668 1311 pro
683 1234 831 1312 discipulis
846 1246 977 1312 precatus
991 1246 1036 1293 est
1049 1236 1179 1303 Patrem:
1206 1244 1268 1294 “ut

89 1325 234 1404 sntunum,
259 1329 338 1389 sieut
346 1340 376 1387 et
388 1329 486 1388 nos.”¹
508 1333 549 1385 tva
560 1328 830 1402 messanenses.
871 1335 911 1392 Et
931 1334 1087 1408 Apostolus
1107 1333 1143 1390 ad
1165 1331 1268 1391 Coriu-

23 1420 27 1427 '
90 1420 158 1479 tlins:
183 1431 202 1459 ‘⁴
212 1424 264 1496 qui
284 1435 378 1483 autern
400 1419 516 1502 plantat',
536 1420 564 1482 et
584 1427 633 1498 qui
653 1427 736 1503 rigat,
758 1447 846 1487 unum
870 1428 983 1486 sunt.”¹
1003 1430 1032 1482 ’0
1043 1427 1150 1496 φυτεύων
1161 1431 1186 1481 n
1199 1429 1241 1483 sol
1253 1430 1266 1482 ὅ

59 1568 62 1573 ,
90 1515 169 1581 ordor
179 1523 204 1573 ἓν
214 1523 282 1575 tan.
322 1520 352 1577 N
354 1539 387 1578 ec
401 1539 527 1594 unquam
539 1525 563 1574 ἕν
575 1521 609 1579 ad
624 1541 788 1598 personam,
808 1543 860 1582 seu
875 1524 949 1592 Ens,
964 1516 1172 1600 designandum
1186 1539 1267 1580 usur·

89 1616 171 1686 patur.³
999 1640 1001 1645 s

113 1711 154 1768 87.
173 1709 273 1788 Resp:
285 1711 364 1770 Loca
378 1712 498 1772 adducta
508 1732 566 1773 non
576 1724 645 1772 sunt
658 1714 801 1791 parallela,
813 1733 867 1773 nee
878 1715 955 1773 enim
970 1715 1047 1792 prior
1061 1712 1181 1772 eandem
1194 1730 1265 1788 prae·

89 1802 154 1876 uter:
164 1806 286 1865 formam
300 1808 478 1867 absolutam:
501 1817 520 1846 ‘¹
530 1809 597 1887 Ego
612 1820 641 1867 et
654 1810 738 1867 Pater
752 1829 841 1868 unum
856 1829 956 1867 sumus
966 1809 997 1878 ;”
1020 1808 1069 1866 sed
1084 1808 1173 1865 oratio
1187 1809 1219 1863 fit
1235 1815 1267 1862 ut

90 1896 272 1978 discipulorum
292 1905 386 1962 unitas
410 1894 513 1964 similis
534 1907 572 1964 sit
593 1905 686 1964 Patris
708 1916 737 1963 et
758 1907 826 1964 Filii
847 1907 965 1974 unitati:
994 1902 1151 1962 similitudo
1171 1910 1266 1959 autem

89 1997 253 2068 equalitatem
267 2018 326 2059 non
340 2000 501 2060 necessarii)
516 2021 616 2061 secum
636 2003 699 2060 fert.
740 2003 822 2060 Alter
834 2002 914 2060 loeus
929 2003 998 2059 satis
1018 2019 1056 2058 ex
1070 2008 1205 2058 contextu
1219 1996 1266 2055 de·

88 2093 225 2153 ominatur
237 2095 272 2154 ad
290 2097 427 2156 unitatem
440 2098 517 2156 finis.
559 2097 618 2156 Sed
631 2099 661 2157 in
676 2099 786 2157 Christi
800 2097 836 2156 de
850 2117 883 2156 se
894 2109 922 2156 et
936 2098 1020 2156 Patre
1033 2096 1126 2155 verbis
1141 2093 1265 2152 affirma·

88 2192 222 2250 munitas
244 2193 284 2253 ad
306 2194 482 2270 probandum
503 2197 659 2273 potentiam
686 2196 817 2254 servandi
842 2215 922 2264 ores,
937 2196 1013 2273 lupis
1035 2191 1265 2253 linetssroeissi·

88 2285 125 2343 nis
135 2289 328 2349 invadentibus
342 2311 475 2371 gregem:
497 2312 561 2367 qun:
575 2295 702 2370 potentia
715 2315 732 2352 a
746 2295 830 2353 Patre
844 2294 997 2362 derivatur,
1019 2311 1086 2351 eum
1099 2309 1158 2366 quo
1172 2307 1264 2349 uuum

88 2399 109 2438 se
119 2383 185 2445 dirit.
227 2387 361 2447 Potentia
374 2391 460 2467 igitur
473 2390 572 2450 eadem
587 2402 631 2450 est
644 2392 765 2466 utrique,
778 2394 844 2465 quia
858 2403 976 2466 uterque
991 2410 1082 2450 unum
1094 2399 1149 2457 est,
1165 2398 1265 2447 natura

89 2478 172 2540 unilieet
185 2496 214 2540 et
228 2485 364 2542 essentia.
379 2559 381 2562 .
406 2485 493 2552 Quod
506 2483 601 2545 autem
612 2499 743 2545 asserunt
758 2487 888 2546 Unitorir‘
899 2487 934 2545 de
948 2488 1027 2545 vocis
1038 2488 1077 2554 ri,
1088 2502 1147 2543 non
1160 2484 1263 2549 obstat,

90 2589 154 2644 quum
167 2580 243 2636 enim
259 2581 402 2655 significet
415 2599 476 2636 rem
490 2598 596 2649 unam,
610 2582 655 2637 vel
673 2581 870 2648 substantiam,
892 2590 956 2657 apte
973 2590 1123 2656 usurpetur
1143 2574 1179 2636 ad
1198 2580 1264 2637 sub·

10 2674 22 2712 ²
91 2675 196 2732 sunnam
210 2675 336 2735 divinam
351 2675 573 2753 designandam:
596 2677 632 2735 de
644 2697 766 2754 persona
779 2697 843 2735 eam
856 2696 919 2761 nrup
929 2677 1124 2753 intelligimus.

55 2786 58 2791 ’
115 2770 154 2826 ts.
178 2767 291 2849 01:72³.
313 2769 447 2829 Christus
467 2771 497 2829 in
518 2771 609 2829 forma
623 2771 680 2829 Dei
702 2770 793 2831 dictus
808 2781 852 2828 est
870 2771 907 2828 ob
927 2770 1045 2846 gloriam
1061 2769 1187 2826 divinam
1207 2786 1264 2840 qua

10 2865 19 2886 ³
88 2859 229 2924 emundari
256 2866 334 2923 visus
357 2877 411 2934 est,
435 2867 570 2925 miracula
592 2866 720 2943 patrandi
744 2866 878 2942 praeditus
900 2876 1056 2942 potestate:
1085 2863 1120 2921 ad
1142 2864 1263 2923 formem

10 2962 15 2994 Ξ
88 2962 142 3019 servi
154 2980 186 3020 se
199 2961 326 3030 demisit,
341 2961 429 3039 flagra
442 2973 472 3020 et
485 2981 609 3030 ornnem,
625 2963 761 3040 mancipii
775 2962 907 3020 vilissimi
922 2962 1019 3028 instar,
1036 2963 1162 3038 passus.⁴

113 3059 151 3115 89.
169 3057 261 3135 Resp.
284 3066 305 3101 ⁴¹
315 3056 393 3116 Cum
406 3040 542 3119 informa
555 3058 613 3117 Dei
627 3069 713 3125 esset,
727 3077 785 3116 uon
795 3059 923 3135 rapinam
936 3058 1083 3115 arbitratus
1094 3065 1138 3113 est
1151 3073 1215 3112 esse
1229 3071 1262 3113 se

85 3156 199 3226 munem
220 3156 287 3216 Deo
297 3155 328 3214 :”
349 3161 380 3212 st
396 3156 460 3211 :ivm
476 3157 608 3233 imbre-⁵
648 3156 787 3215 Miraenla
810 3155 937 3232 patrandi
959 3164 1095 3232 potestas,
1121 3153 1166 3212 vel
1186 3152 1262 3211 aliud

85 3251 265 3326 quodcumque
286 3252 395 3323 donum
408 3252 545 3310 divinitus
558 3253 666 3321 datum,
688 3273 745 3312 nnn
767 3265 876 3330 poterat
889 3252 1012 3326 efficere,
1033 3261 1065 3310 ut
1079 3249 1213 3309 Christus
1230 3267 1262 3308 se
1307 3323 1310 3328 Ι

78 3336 130 3406 Deo
141 3369 237 3427 parem
252 3349 380 3417 haberet,
405 3350 513 3422 absque
534 3349 679 3426 impietate
693 3361 723 3408 et
736 3352 920 3427 usurpatione
934 3349 1081 3425 sacrilega,
1103 3349 1160 3406 nisi
1180 3346 1261 3405 Deus

78 3452 132 3503 tere
144 3457 230 3506 esset.
272 3446 414 3504 Praeterea
427 3464 464 3503 ex
479 3457 612 3505 contextu
628 3457 704 3524 patet
718 3465 783 3505 enm
797 3448 828 3504 in
841 3448 933 3505 forma
943 3445 999 3503 Dei
1013 3463 1088 3512 esse,
1110 3456 1262 3517 antequam

67 3528 99 3596 ¹⁸11
110 3542 484 3621 similitudinem-hominum
502 3541 592 3600 sactus
606 3543 662 3611 sit;
677 3552 705 3600 et
716 3543 745 3600 in
760 3561 795 3600 eo
807 3540 1030 3599 exinanitionem
1043 3537 1125 3616 ponit
1137 3540 1262 3614 Aposto-

71 3760 78 3767 -
104 3735 302 3801 (ipsosmet
315 3738 355 3785 11.
473 3797 475 3801 Ι

102 3821 139 3887 (2)
158 3820 287 3872 locarit
299 3825 324 3870 8.
363 3855 369 3869 .

99 3907 134 3968 (3)
151 3906 284 3957 Uniterian
295 3905 449 3968 Misoellany,
461 3904 517 3953 Vol.
529 3903 549 3952 1.
560 3919 585 3968 p.
594 3907 643 3954 28..

101 3991 140 4057 (4)
159 3990 200 4040 Ita
211 3997 267 4056 post
277 3989 392 4040 Grotium
402 3987 612 4039 Rossnmullerr'n
624 3985 713 4037 locum.

96 4076 138 4142 (ὅ)
156 4076 306 4127 “Neutrum
327 4064 420 4141 plurale
435 4074 479 4130 ina
505 4074 572 4139 quod
592 4087 660 4124 more
677 4071 818 4121 Grnnomm
835 4083 899 4134 sspe
918 4067 1084 4119 adverbialiter
1099 4066 1206 4133 ponitur,
1223 4068 1266 4117 nbi

51 4159 137 4212 'ectu
152 4161 215 4216 ἅμα
236 4162 275 4212 rel
291 4143 402 4231 piscopos
414 4159 535 4225 jungitur,
552 4173 597 4223 pro
613 4156 732 4223 adjectivo
749 4151 903 4220 usurpatur?
935 4153 1107 4231 linsenmiillsr
1125 4151 1155 4203 r'n
1175 4150 1265 4202 bnam-

54 4235 161 4300 Gradu
170 4248 233 4300 illud
248 4248 410 4301 Homericum
419 4247 492 4298 eitst:
509 4249 553 4300 riv
563 4245 603 4298 viv
619 4244 662 4298 lna
671 4248 720 4306 δεῶ
731 4250 859 4312 ltnerpsm
869 4242 993 4311 εἰσορόωσι,
1009 4248 1037 4291 ut
1047 4239 1158 4290 nsmndst
1168 4236 1265 4301 equali·

56 4326 134 4384 hon
152 4334 285 4398 perlectum
304 4349 356 4384 non
375 4319 512 4395 designem:
528 4331 571 4381 sed
588 4346 640 4381 rem
659 4346 710 4380 non
729 4326 842 4380 conlinit:
867 4344 926 4380 narn
946 4328 1084 4379 [tironenses
1100 4322 1199 4374 heroem
1218 4320 1265 4372 deo

59 4418 142 4472 Nem
159 4427 268 4484 mantare
288 4410 407 4485 poterunt,
427 4419 457 4469 de
473 4418 521 4470 diis
532 4418 622 4483 quippe
637 4415 756 4467 humilius
772 4416 921 4466 sentiebant:
938 4413 1052 4464 Christus
1062 4417 1144 4461 autem
1154 4407 1266 4460 hnmano

67 4499 180 4563 0imnodi
196 4520 277 4557 errore
293 4521 346 4558 non
361 4506 490 4566 laborabat,
501 4503 604 4569 ideoque
619 4517 672 4552 non
687 4507 781 4567 poterat
791 4517 817 4550 se
828 4515 911 4569 parem
922 4498 989 4550 Petri
999 4496 1115 4548 utimar:
1125 4495 1174 4548 nisi
1183 4509 1267 4548 rores
