2744 5024
83 260 141 321 tes
484 251 542 320 ltu
563 252 768 322 enimam
788 250 897 322 utun.

83 416 178 479 Deum
192 434 257 476 esse
271 416 418 484 confiteor,
444 414 620 493 dignumque
634 427 678 475 est
691 416 774 475 utilli
797 417 921 477 animam
942 435 1038 478 meam
1061 411 1175 478 return

86 514 158 573 mihi
171 525 200 572 et
212 525 322 572 creator
334 523 389 579 est,
402 522 431 569 et
443 511 650 588 redemptor.”²

119 607 273 667 Probatur
286 602 342 664 IV.
357 624 394 665 eo
407 606 553 664 heresum
566 604 722 665 diuinitati
739 605 853 666 Christi
867 605 1067 667 mensorum
1082 607 1175 669 duma

120 708 190 762 221.
212 703 282 780 lpso
296 702 716 778 momentaneamque,
730 703 878 761 Christum
892 723 909 760 a
922 702 993 762 Jesu
1006 695 1175 781 distinguen

80 816 191 858 merum
205 798 364 865 hominem,
379 797 501 874 Josephi
516 807 545 854 et
560 798 660 855 Mariae
674 797 777 864 filium,
792 797 873 856 illum
886 817 903 855 n
917 799 1135 875 Principalitate
1156 818 1175 872 q

78 914 167 973 snper
189 897 296 962 omnin,
321 896 352 952 in
375 894 479 952 ,lesum
500 892 693 960 descendisse,
714 894 805 951 aiebat
815 898 838 950 r·
858 894 955 953 Ebion
975 896 1061 954 etiam
1085 896 1175 955 Jesnu

81 992 204 1049 Mariam
219 1009 278 1050 non
302 991 392 1049 fnisse
407 989 536 1048 docebat.
578 989 706 1061 Uterque
729 1007 795 1046 cum
815 990 876 1046 suis
897 990 1016 1048 asseclis
1037 1000 1127 1049 atota
1139 990 1174 1049 ,Ε

80 1104 196 1146 summo
210 1087 319 1146 horrori
332 1086 445 1144 habitus
460 1095 513 1143 est.
543 1084 652 1143 Conna
665 1102 715 1144 eos
727 1084 918 1162 Evangelium
931 1085 1053 1145 ,loannis
1064 1087 1175 1163 scriptur

82 1183 291 1258 Hieronymus,
306 1191 432 1239 veterum
448 1180 533 1237 nixus
549 1180 723 1247 auctoritate,
746 1179 882 1237 indidit!
922 1180 1006 1239 Prior
1024 1199 1102 1239 error
1116 1182 1175 1241 Arii

80 1278 162 1335 valde
175 1277 270 1335 affinis
284 1286 338 1343 est,
354 1277 482 1334 Verbum
502 1276 579 1333 enim
601 1276 717 1333 nonnisi
738 1276 971 1352 prestantissima
991 1276 1123 1350 quedam
1143 1296 1175 1337 cu

78 1372 186 1430 summi
199 1370 255 1429 Dei
269 1388 342 1447 opus
352 1369 491 1434 eximium
504 1369 618 1427 Arianis
633 1370 767 1427 tradituro
790 1371 859 1428 alter
869 1381 914 1428 est
927 1369 1143 1440 Uniton'orum,
1153 1390 1175 1430 si

79 1465 323 1533 monitoriorum,
335 1465 386 1538 qui
397 1465 601 1522 Ebionreorum
612 1466 725 1533 instar,⁴
733 1467 764 1523 in
774 1466 844 1524 duas
857 1464 1022 1523 dividuntur
1031 1467 1148 1535 classes,
1158 1484 1175 1525 n

79 1561 115 1618 lis
139 1560 356 1636 conceptionem
382 1559 550 1634 virgineam,
577 1560 640 1617 eliis
668 1561 825 1629 naturalem
852 1561 1067 1632 statuentibns3
1096 1578 1157 1634 quie

79 1657 199 1715 varietas
216 1657 289 1732 ipsis
304 1655 385 1731 parvi
401 1656 540 1712 momenti
555 1654 690 1712 videtur.⁵

579 1828 787 1870 ommonem

118 1949 188 2004 222.
207 1943 273 2024 obj.
287 1949 313 2002 l.
328 1944 360 2002 Si
373 1943 476 2020 dogma
486 1941 522 2000 de
532 1943 649 2001 Christo
660 1943 723 2001 Deo
735 1943 769 2001 ab
781 1943 862 2002 initio
873 1944 1052 2021 propositum
1064 1944 1170 2013 inisset,

79 2060 161 2101 orum
177 2043 300 2100 maxime
323 2040 460 2099 invidiam
474 2040 637 2106 excitasset,
652 2058 741 2112 quum
763 2040 819 2116 ipsi
834 2058 922 2098 unum
943 2059 1008 2098 esse
1029 2040 1126 2100 Deum
1145 2055 1175 2099 tel

79 2136 233 2194 admodum
243 2146 471 2212 propugnarent:
487 2144 610 2191 attamen
624 2135 823 2192 controversie
836 2144 936 2193 omnes
948 2153 1015 2193 cum
1026 2137 1099 2213 ipsis
1110 2134 1175 2194 dett

78 2249 130 2289 seu
144 2229 180 2288 de
195 2231 270 2288 Filio
285 2230 340 2288 Dei
355 2247 445 2298 erant,
461 2247 519 2286 non
534 2228 569 2285 de
585 2229 703 2287 Christo
718 2230 794 2287 lleo.

118 2330 189 2384 223.
210 2325 300 2403 Resp.
323 2326 481 2383 Maximam
499 2322 665 2382 Judaeornm
689 2324 825 2387 invidiam
851 2337 941 2384 ortam
956 2334 1068 2383 constat
1087 2345 1125 2384 ex
1145 2342 1175 2384 eo

79 2420 225 2489 Christus,
237 2440 269 2478 se
280 2432 309 2479 et
322 2421 436 2479 Patrem
450 2438 539 2478 unum
551 2437 616 2476 esse
627 2418 759 2486 dicendo,
772 2438 804 2505 se
816 2420 912 2479 Deum
924 2422 1046 2489 iaceret;
1061 2439 1168 2494 eosque

78 2518 213 2576 habuisse
227 2519 289 2595 ejus
304 2515 472 2592 discipulos,
489 2514 566 2588 qnod
581 2534 646 2572 enm
661 2516 768 2573 Filium
782 2516 839 2574 Dei
854 2516 1046 2592 agnoscendo,
1061 2517 1175 2575 unitater

79 2615 290 2690 plicitatemque
313 2613 416 2671 divinae
438 2611 569 2669 essentie
596 2611 692 2669 tollere
718 2610 898 2669 viderentur:
927 2612 1067 2680 ὁτιαὶρεσις
1088 2611 1175 2674 nsit

76 2711 161 2780 ἄνομος
171 2716 299 2782 ἐγηγερτω
312 2710 361 2764 doto
372 2717 428 2779 lqott
439 2725 502 2772 totus
513 2718 626 2763 ramma
646 2724 731 2762 ulmos·
749 2743 757 2758 ·
772 2743 780 2758 ·
793 2743 800 2758 ·
819 2727 867 2762 των
879 2711 1044 2779 ὁμολογεντων
1056 2717 1148 2779 Χριςον
1161 2732 1175 2765 a

77 2817 167 2855 rector
178 2822 221 2855 και
234 2803 284 2854 bono
296 2807 336 2853 Oea
348 2805 417 2856 εἶναι,
433 2815 507 2853 παντι
521 2819 584 2867 petet
597 2796 725 2866 ἆνὲρωπων
736 2795 799 2858 ἅδεα
809 2819 852 2850 και
865 2797 943 2866 ἄνομα
954 2819 998 2850 και
1008 2798 1094 2852 &osto
1103 2814 1174 2868 myst

77 2896 208 2956 lustinus
223 2916 288 2954 cum
312 2895 473 2971 Tryphone
488 2893 591 2952 Judaeo
613 2893 745 2966 loquens,
761 2892 912 2968 exprobrat
925 2893 952 2949 ei
968 2894 1090 2969 majores
1108 2913 1174 2952 snos

78 2995 188 3051 Christi
204 2993 438 3050 resurrectionem
453 2991 558 3062 ubique
573 2991 635 3065 ejus
657 2990 813 3066 discipulos
828 2989 1001 3057 diffamasse,
1016 3001 1174 3049 asserentes

77 3088 154 3163 piam
169 3086 309 3159 quandam
322 3097 350 3142 et
360 3085 493 3159 exlegem
507 3093 613 3140 sectam
629 3102 646 3138 a
655 3085 742 3158 plano
757 3084 880 3156 quodam
895 3085 966 3141 lesu
982 3085 1103 3142 Galilaeo
1122 3103 1175 3142 exc

77 3181 174 3238 esse.'’
198 3219 330 3238 .....
356 3179 550 3243 “Quinetiam
564 3176 697 3233 docuisse
711 3178 791 3236 illum
807 3179 955 3237 addidistis
971 3181 1060 3255 impia
1074 3179 1122 3236 illa
1135 3188 1164 3237 et

77 3276 112 3334 da
127 3296 159 3333 ac
174 3274 351 3332 detestabilia
363 3273 509 3338 sacimora,
525 3290 589 3344 quae
603 3272 738 3330 adversus
753 3293 814 3343 eos,
830 3277 882 3348 qui
894 3276 975 3334 illum
990 3275 1149 3344 Christum,
1164 3294 1175 3333 e

77 3383 177 3437 torem,
193 3382 221 3428 et
235 3369 341 3448 Filium
362 3369 418 3427 Dei
432 3369 608 3444 profitentur,
624 3369 699 3445 apud
721 3390 806 3428 omne
828 3373 977 3430 hominum
998 3390 1088 3448 genus
1104 3391 1175 3449 span

14 3473 16 3476 ⁴
77 3468 221 3542 Equidem
236 3469 261 3525 si
276 3467 381 3526 totalis
395 3467 424 3525 in
439 3484 474 3525 eo
489 3469 582 3543 posita
597 3467 706 3533 suisset,
722 3483 816 3525 utrum
837 3469 924 3526 Jesus
940 3488 1025 3526 verus
1041 3479 1118 3526 esset
1139 3471 1175 3527 Μ

76 3564 154 3624 nulla
168 3566 219 3624 suit
233 3566 303 3623 ratio
317 3563 475 3641 Apostolis,
491 3563 610 3635 aliisque
631 3565 693 3639 ejus
718 3565 906 3639 praeconibus,
921 3566 1040 3623 vocibus
1062 3566 1119 3623 illis
1141 3565 1175 3623 de

77 3665 143 3733 Dei,
155 3674 303 3722 tantacnm
315 3663 446 3738 emphasi
455 3663 562 3728 utendi,
576 3681 628 3720 nec
637 3662 746 3729 Judaeis
756 3664 864 3738 justam
877 3665 1065 3739 praebuissent
1074 3664 1175 3723 offensi

77 3779 164 3832 quum
180 3777 265 3817 sensu
281 3759 383 3825 latiori,
399 3759 531 3816 omnibus
546 3769 624 3827 noto,
640 3759 848 3817 adhiberentur.
878 3761 966 3836 Igitur
980 3761 1016 3818 iis
1031 3762 1170 3834 neglectis

76 3855 119 3912 vis
135 3854 169 3911 ad
184 3853 360 3930 probandum
374 3853 475 3911 Jesum
491 3871 554 3911 esse
571 3855 711 3914 Messiam
726 3855 830 3912 directa
845 3857 976 3913 luissent.
998 3857 1084 3922 Quod
1099 3869 1175 3916 auter

76 3952 212 4010 troversia
225 3951 260 4008 de
277 3950 384 4008 “Filio
410 3949 498 4017 Dei,”
520 3952 703 4026 potiusquam
725 3950 759 4008 de
776 3950 894 4010 Christo
917 3952 981 4010 Deo
1005 3966 1175 4029 ageretur-‚c

76 4050 143 4122 quia
157 4047 265 4105 Christi
279 4047 410 4104 divinitas
426 4047 536 4102 nonita
557 4048 776 4122 proponebatur,
791 4061 822 4105 ut
843 4048 898 4106 Dei
914 4067 1000 4122 quem
1022 4050 1169 4108 coluerant

436 4217 492 4266 Act
504 4216 604 4280 Martyr·
616 4233 639 4282 p.
652 4221 692 4268 76.
704 4221 770 4284 apud
781 4221 876 4272 Mareu.
890 4223 948 4273 ibid.

435 4301 541 4351 ireneus
553 4301 607 4351 adv.
618 4303 674 4353 haer.
688 4305 703 4353 l.
716 4305 731 4354 i.
743 4323 765 4355 c.
776 4322 835 4356 xxv.

440 4383 518 4434 Catnl.
531 4385 618 4450 script
631 4387 700 4438 Eccl.
717 4389 744 4439 in
758 4390 831 4440 Joan.

437 4469 500 4517 Vide
512 4468 648 4520 Eusebium
657 4471 712 4522 hist.
724 4473 740 4521 l.
754 4473 788 4521 iii.
801 4473 842 4521 27.
