2744 5024
92 211 153 267 att
310 201 370 266 DE
389 202 518 265 101(ss
535 202 744 264 ominus
767 201 1051 265 specimen

92 352 1294 440 quummuipioemmdnxbmntoemdo,

93 456 249 535 μεως
271 455 898 513 “Venientntendiereountaemab
916 454 1294 530 :inmemo-

90 553 234 629 juaboat
245 554 276 609 in
289 551 345 608 ill'u
358 549 507 609 diebrrn”¹
547 550 681 608 &enno
694 550 780 626 igitur
791 550 903 625 optino
919 552 986 626 jore
996 549 1026 607 id
1041 548 1175 625 precipit
1188 549 1297 606 iaeien·

93 645 525 722 dunqnodwonottaoeleetit
545 643 1297 722 probaritpromittaneteedectqnodfaeicndunt

57 796 62 805 .
93 738 252 817 pudixr‘t’
289 740 323 799 ld
331 743 395 818 jan
409 752 569 817 agnouennt
581 739 777 799 Oxonientet.

132 840 204 895 487.
219 835 365 912 Exempla
373 836 479 901 Mutia,
495 833 1017 909 eliquabit-,smirnam
1029 833 1296 900 Panli.etaliornn

93 931 296 1008 Apostolorum
308 933 358 1003 qni
364 931 583 1007 jejuniam
596 940 754 996 manunt,
767 929 1077 987 ntoihildinnoadc
1097 929 1220 987 Chricto
1235 928 1294 986 Do

93 1028 185 1092 nino,
198 1027 384 1103 qnadraginta
395 1025 459 1082 diet
467 1025 628 1101 jejunante,
640 1025 755 1099 pictatia
774 1025 831 1082 boc
844 1041 920 1099 opor
938 1025 1126 1081 wltonem
1145 1041 1293 1083 conuen-

94 1121 187 1181 tant·

131 1237 285 1297 prooem
298 1235 342 1296 ΙΙ.
364 1255 402 1295 eoe
422 1235 577 1296 Patribus.

131 1355 202 1407 488.
223 1350 423 1407 'l'neornttot
436 1350 674 1407 hammon
692 1348 767 1406 eiam
785 1347 926 1407 violente·
942 1350 1085 1426 jejunium
1099 1350 1293 1428 Quadi-egeni·

93 1446 167 1506 nate
177 1446 273 1524 gravio
285 1446 414 1503 aiminit
425 1445 535 1522 arguit:
557 1454 579 1481 ‘⁶
588 1446 749 1503 netcictnet
762 1445 839 1518 qnod
852 1446 966 1503 etiami
978 1447 1185 1506 conscientiam
1200 1449 1296 1506 honri-

92 1563 161 1603 πω
175 1544 295 1620 fugiant,
309 1554 340 1599 et
351 1542 456 1599 clenti·
471 1542 626 1617 parietiboe
634 1554 785 1600 veneantur
794 1542 1035 1600 carnihntdiehno
1044 1543 1293 1620 Qnedngeoimae‚

91 1640 225 1714 eotripiat
236 1637 435 1713 hujucemodi
448 1636 603 1704 Dominae,
612 1636 745 1694 etdicat:
778 1637 966 1710 ‘iniquitaten
979 1656 1097 1714 tnngoaa
1110 1639 1223 1696 facium
1235 1642 1295 1703 isti.

92 1746 125 1794 nt
138 1733 271 1793 recedant
284 1753 300 1790 a
313 1733 419 1790 unctio
432 1731 529 1790 meio?
543 1732 580 1766 ”⁴

132 1834 204 1888 489.
226 1831 259 1886 S.
275 1830 446 1887 Amoetot
465 1829 525 1885 ait:
547 1837 568 1864 ‘⁴
580 1827 649 1885 Non
670 1827 733 1884 leve
762 1839 910 1903 peceatum
935 1839 980 1885 eet
999 1827 1134 1886 fidelibus
1154 1829 1292 1889 indictam

92 1924 346 2002 Qnalragcoimant
360 1943 377 1980 a
391 1923 519 1981 Domino
532 1922 649 1989 violae,
662 1936 692 1980 et
700 1923 812 1999 jejunia
831 1933 996 1981 consecrata
1015 1925 1122 1981 ventrio
1138 1926 1295 1983 voracitate

91 2021 295 2082 ninnivem

132 2122 202 2177 400.
223 2118 256 2175 Β.
271 2118 411 2176 Btetntot
426 2115 517 2174 dicit:
539 2126 559 2152 ‘⁸
572 2115 683 2174 Omnes
710 2115 856 2188 equaliter
874 2126 904 2174 et
923 2126 1098 2193 pmocptnm
1118 2116 1251 2184 andiunt,
1265 2128 1296 2175 et

92 2233 158 2273 cont
173 2214 277 2292 gaudio
288 2213 458 2290 concipiunt.
500 2212 603 2289 Angeli
617 2223 694 2279 tunt,
704 2212 753 2285 qni
765 2230 816 2288 per
828 2213 956 2289 singulae
967 2213 1114 2271 Ecclesiae
1124 2214 1295 2290 jejunantes

92 2310 265 2368 describunt.
288 2328 291 2333 ·
308 2309 383 2367 Vide
397 2328 455 2366 non
469 2319 585 2384 propter
598 2327 713 2383 parram
727 2307 887 2365 eduliorum
908 2310 1082 2385 voluptatem
1095 2309 1235 2367 damnum
1251 2310 1294 2368 in-

92 2420 198 2468 corrat,
214 2415 244 2458 ut
257 2420 293 2459 ne
307 2403 342 2458 ab
356 2401 458 2476 angelo
467 2403 498 2458 in
510 2419 660 2458 nnmerum
674 2400 852 2468 odocribarin,
863 2414 893 2459 et
905 2412 933 2460 te
944 2404 1039 2480 iptont
1052 2404 1182 2462 criminis
1194 2381 1293 2464 decer·

92 2497 161 2556 torio
175 2515 254 2554 reum
269 2496 304 2552 ab
318 2496 460 2552 exercitos
475 2493 623 2551 lustratore
634 2494 787 2551 serumst*

131 2596 201 2653 tol.
233 2594 266 2650 S.
283 2593 345 2650 Leo
362 2592 405 2649 M.
421 2591 521 2649 docet:
545 2601 564 2626 “
576 2592 655 2666 pium
677 2602 721 2648 est
744 2611 828 2669 agere
850 2612 906 2650 non
929 2594 1084 2661 indictum3
1107 2597 1231 2672 impium
1248 2611 1293 2655 est

93 2690 236 2765 negligere
252 2687 483 2763 predicatum.''⁷

130 2788 200 2840 492.
223 2784 254 2839 S.
269 2784 524 2838 Cttnvsosrottns:
548 2780 767 2837 “Consuetudo
782 2800 827 2838 res
842 2793 954 2839 cottam
970 2783 1061 2840 facilis
1072 2795 1101 2840 et
1114 2785 1251 2860 expedita
1261 2800 1293 2843 ut

92 2879 259 2935 adveniente
280 2878 402 2952 jejunio,
428 2876 481 2931 etsi
509 2875 610 2932 millies
634 2878 698 2947 quis
721 2876 895 2942 exhortetur,
921 2889 949 2933 et
974 2879 1083 2935 infinita
1105 2883 1246 2947 crucient,
1263 2896 1292 2938 et

91 2983 195 3047 cogant
219 2973 315 3027 vinum
340 2971 474 3034 delibare,
494 2970 538 3026 vel
562 2969 638 3026 aliud
657 2971 760 3045 jejunii
783 2971 846 3046 lege
872 2991 928 3027 non
954 2991 1122 3030 concessum
1152 2989 1291 3051 gustate3

91 3070 187 3126 ontnia
201 3069 265 3140 quis
281 3065 376 3122 mallet
390 3067 457 3140 pati,
474 3083 557 3136 quam
573 3066 744 3140 prohibitum
761 3079 873 3141 tangere
889 3069 1137 3126 nutrimentum.''⁸

125 3321 168 3383 (l)
189 3315 249 3366 lhid.
260 3319 292 3364 ix.
308 3320 346 3364 15.

123 3405 162 3466 (2)
183 3409 197 3432 “
208 3401 247 3449 He
258 3399 319 3448 bade
330 3399 369 3448 hie
379 3398 490 3462 disciplet
501 3407 526 3447 to
538 3399 591 3448 fest.
621 3397 786 3449 Considerhie
795 3400 893 3466 implied
904 3412 1008 3467 precept,
1020 3403 1101 3452 which
1113 3406 1134 3453 io
1145 3422 1176 3454 en
1189 3423 1292 3471 express

89 3487 217 3538 command
230 3495 254 3537 to
266 3485 334 3535 those
346 3485 402 3534 who
414 3487 475 3549 obey
487 3485 528 3534 the
540 3487 586 3535 low
598 3486 626 3534 oi
640 3486 731 3548 liberty.
767 3486 865 3537 ‘When
882 3489 941 3538 thou
959 3490 1054 3546 sadoth,
1066 3491 1152 3539 anoint
1169 3492 1214 3555 thy
1228 3493 1291 3542 head

89 3575 137 3625 end
150 3575 218 3624 wath
229 3574 272 3637 thy
285 3573 343 3632 loce,
353 3572 405 3621 thot
416 3571 475 3621 thou
494 3588 582 3635 appear
598 3581 642 3622 not
654 3581 714 3621 unto
734 3588 790 3621 men
801 3579 827 3622 to
837 3573 907 3622 Μ’
942 3575 1107 3633 Matt.vi.17‚
1121 3580 1160 3624 18.
1195 3577 1292 3628 Oxford

89 3661 183 3719 Tracti,
200 3660 250 3709 No.
261 3660 300 3707 21.
312 3659 361 3707 Vol
376 3661 397 3706 l.
414 3657 585 3706 Mortihcntion
598 3659 626 3705 ol
633 3657 673 3706 the
685 3658 752 3714 ticoh,
765 3675 779 3707 e
790 3658 913 3722 Scripture
924 3660 992 3724 duty.

124 3746 166 3811 (³)
185 3744 232 3791 “li
241 3759 277 3789 we
288 3741 345 3790 talto
356 3742 397 3790 the
408 3743 518 3804 example
530 3743 558 3789 ol
566 3743 606 3790 the
618 3742 675 3804 holy
688 3758 744 3791 men
756 3744 911 3807 ofScripture
923 3761 949 3792 as
959 3761 1003 3793 our
1013 3746 1094 3806 gulde,
1102 3748 1194 3796 certain
1205 3748 1289 3812 bodily

88 3830 205 3895 privetion
218 3827 267 3875 ond
278 3826 450 3875 chnntieoment
462 3843 501 3875 nro
513 3843 526 3875 n
538 3843 593 3890 very
606 3829 718 3877 essential
730 3830 789 3893 duty
801 3830 830 3878 of
837 3831 869 3878 all
880 3831 936 3880 who
953 3831 1014 3880 wieh
1034 3839 1059 3881 to
1078 3847 1145 3880 eervc
1162 3832 1227 3892 God,
1240 3834 1289 3883 and

88 3928 187 3979 prepare
198 3911 345 3959 themselvet
357 3911 393 3958 ior
403 3910 442 3958 hia
453 3911 590 3975 presence.’'
625 3912 725 3961 Ibidem.

122 4001 164 4065 (4)
184 3998 263 4061 Epist.
275 3996 308 4045 iii.
320 3995 439 4045 Pnechnli.

123 4087 162 4150 (5)
181 4083 257 4131 Serm.
270 4096 328 4133 xxv.

122 4168 161 4231 (d)
182 4165 248 4215 Oret.
259 4164 284 4213 ii.
296 4164 326 4212 de
336 4164 443 4229 Jejunio.

122 4250 164 4314 (7)
184 4248 261 4297 Serm.
273 4246 306 4296 iii.
317 4246 347 4295 do
355 4247 448 4312 jejunio
459 4245 546 4295 decimi
558 4247 656 4296 mensio.

121 4332 162 4399 (8)
182 4333 255 4383 Hom.
267 4330 299 4380 vi.
310 4331 341 4381 ad
352 4346 408 4397 pop.
419 4330 535 4381 Antioch.
