2730 5018
377 274 445 342 ‚nn
465 273 593 337 rusus
612 244 786 334 onerem
806 272 1068 337 nrvrurunrn.
1148 280 1151 285 ·
1232 276 1290 340 ιιι

69 426 145 492 'Deo
160 433 284 493 nonnisi
305 431 475 492 difficillime
493 431 591 491 induci
612 440 741 510 poterant
765 442 797 490 ut
811 433 1062 511 amplecterentur,
1087 453 1174 508 quum
1197 436 1289 496 insita

77 527 188 597 animis
200 530 291 589 totius
304 528 398 605 gentis
409 528 560 587 sententia.
572 535 760 603 repugnaret:
779 535 906 586 attamen
916 527 1039 585 nullaea
1050 528 1084 586 de
1096 549 1126 588 re
1138 529 1288 589 difficultas

79 634 144 685 orta
157 625 292 695 videtur·
313 624 365 683 ssd
375 625 470 683 rtatim
484 643 518 682 sc
526 642 567 681 ex
577 624 783 683 resurrectione
794 625 849 683 sibi
863 625 979 702 probata
994 626 1133 685 Messiam
1146 645 1212 685 eum
1224 646 1288 685 esee

79 723 250 789 mnetabat,
257 722 417 801 discipulos
430 741 462 780 ee
470 721 660 790 exhibebant,
675 731 704 780 et
714 721 746 780 in
758 721 922 781 Ecclesiam
937 723 1156 800 recipiebantur,
1171 724 1241 798 quin
1253 724 1288 781 ad

82 816 190 895 dogma
203 817 284 877 aliud
294 816 490 895 profitendum
505 826 677 876 tenerentur.

126 916 195 974 144.
218 913 480 992 Rependitur
471 925 575 972 iterum
596 913 773 973 Priestleius.
827 914 887 972 Res
907 913 1023 989 quidem
1048 916 1101 974 fuit
1120 856 1289 975 difficillima

87 1008 206 1069 ludaeos
214 1009 256 1069 ad
270 1008 358 1069 fidem
372 1008 537 1078 traducem
557 1006 630 1068 adso
644 1009 833 1069 abhorrebant
842 1011 876 1069 ab
888 1029 923 1069 eo
932 1011 1112 1088 agnoscendo
1127 1011 1191 1070 Deo
1202 1030 1288 1085 qoem

89 1106 320 1167 crucifixerant:
341 1105 464 1181 ideoque
478 1106 607 1184 plerique
628 1116 794 1167 manserunt
813 1107 961 1165 increduli.
1003 1108 1061 1175 Qui
1084 1117 1178 1167 annm
1198 1120 1292 1169 resuri

90 1204 224 1263 rectionis
244 1203 429 1273 testimoniis,
448 1202 650 1276 miraculisque
664 1212 821 1273 cesserunt,
841 1223 879 1265 ex
892 1203 949 1262 tide
964 1203 1112 1263 Christum
1126 1224 1191 1265 esse
1211 1207 1291 1265 Mes·

77 1299 169 1367 siem,
184 1298 304 1357 adeum
319 1298 425 1359 Filium
440 1296 497 1356 Dei
511 1298 724 1375 agnoscendum
739 1298 810 1357 moti
820 1308 897 1366 sunt,
911 1308 941 1356 et
953 1296 1050 1357 divina
1059 1298 1218 1359 illustrante
1229 1320 1291 1378 qsa-

92 1394 135 1462 tie,
149 1392 249 1452 Deum
263 1394 470 1466 hominemque
483 1391 644 1473 adorarunt.
669 1393 752 1451 ·Nec
763 1392 866 1471 dogma
879 1392 915 1452 de
930 1393 1048 1453 Messioe
1060 1392 1205 1453 divinitate
1219 1395 1290 1454 adeo

49 1502 52 1519 ²
93 1486 258 1547 abhorrebat
270 1507 287 1545 a
299 1486 431 1547 Judaiee
451 1487 545 1565 gentis
560 1486 720 1556 traditione,
745 1496 787 1546 tot
800 1487 877 1546 enim
897 1497 1030 1561 tantaque
1052 1489 1191 1547 avaribus
1206 1489 1241 1549 de
1255 1508 1291 1548 eo

49 1576 51 1581 ’
93 1578 154 1643 ruht
163 1578 255 1654 dicta,
269 1593 303 1643 ut
316 1584 468 1662 magnifica
480 1601 604 1657 quaeque
619 1603 653 1642 ac
666 1584 801 1642 sublimia
810 1583 846 1642 de
860 1602 895 1643 eo
906 1585 1043 1643 sentirent
1057 1584 1172 1661 plurimi
1185 1605 1202 1645 e
1216 1597 1291 1647 vete·

93 1682 190 1751 ribus?
209 1682 345 1756 quamvis
367 1690 434 1759 post
448 1680 597 1740 Christum
611 1682 760 1758 rejectum,
785 1681 914 1760 plerique
929 1683 964 1741 ab
978 1682 1165 1741 essentiendi
1183 1685 1291 1743 ratione

96 1796 173 1853 quarn
194 1778 368 1856 longissime
392 1777 572 1837 recesserint.
614 1777 758 1835 Ceterum
785 1777 929 1836 miraculis
954 1779 1033 1847 visis,
1060 1779 1201 1838 vaticiniis
1225 1799 1290 1839 curn

96 1873 237 1933 eventibus
253 1873 374 1943 collatis,
385 1882 413 1931 et
426 1872 535 1949 Spiritu
548 1872 653 1931 Sancto
662 1873 739 1930 intus
752 1872 874 1941 lucente,
885 1872 980 1949 plures
991 1873 1010 1930 J
1012 1893 1091 1931 esum
1105 1876 1212 1933 Filium
1225 1875 1291 1944 Dei,

97 1968 210 2043 ideoque
225 1969 324 2029 Deum
338 1977 525 2047 agnoverunt.
565 1967 597 2027 S.
612 1967 706 2027 Lucas
727 1968 890 2026 summatim
905 1968 990 2026 relert
1010 1972 1151 2048 praecipua
1167 1989 1230 2044 quse
1245 1969 1293 2030 ad·

97 2064 232 2125 duxerunt
244 2065 379 2143 Apostoli
392 2073 559 2142 argumenta
572 2063 602 2122 in
617 2064 739 2141 publicis
752 2063 950 2133 concionibus,
975 2074 1007 2121 ut
1019 2065 1119 2124 Jesum
1134 2085 1199 2125 esse
1214 2066 1293 2125 Mes·

96 2162 160 2221 siam
169 2160 396 2239 persuaderent:
418 2161 449 2219 in
462 2178 542 2219 more
557 2160 665 2238 quippe
678 2178 794 2237 semper
807 2159 861 2221 tuit
874 2159 1057 2218 fundamenta
1070 2161 1138 2219 fidei
1153 2163 1232 2239 prius
1250 2164 1293 2238 ja·

97 2276 162 2327 cere,
186 2266 218 2317 et
232 2259 273 2317 ita
286 2257 321 2316 ad
335 2256 496 2317 difficiliora
508 2255 654 2334 progredi.
695 2256 793 2314 Nemo
811 2264 905 2314 autem
920 2255 955 2312 ad
977 2256 1150 2332 baptismum
1164 2257 1293 2317 admitte·

96 2354 175 2423 betur,
191 2354 262 2424 nisi,
278 2352 403 2413 eunuchi
417 2353 515 2419 instar,
529 2351 631 2410 lesum
645 2351 831 2409 esse.Filium
841 2350 903 2408 Dei
916 2369 949 2410 se
963 2351 1126 2413 credereex
1138 2354 1294 2415 totocorde

97 2448 289 2531 profiteretur3
311 2447 389 2522 quod
401 2446 549 2506 idem-erat
562 2465 595 2504 ac
610 2445 701 2514 Deus,
713 2463 767 2503 nec
777 2445 855 2504 eninr
866 2464 940 2522 opos
952 2455 1011 2504 erat
1021 2456 1054 2505 ut
1067 2467 1144 2506 mera
1157 2449 1187 2507 in
1201 2449 1293 2508 filium

97 2544 217 2623 adoptio,
232 2564 299 2621 que
314 2545 403 2625 justis
417 2544 550 2603 omnibus
564 2551 610 2601 est
622 2542 795 2616 communie,
811 2540 951 2600 credenda
965 2554 1180 2620 proponeretur.
1216 2545 1294 2605 Hinc

96 2653 149 2703 orte
160 2651 208 2703 est
223 2652 306 2702 vetus
319 2640 642 2703 Judaeorumcalumnia
653 2638 835 2697 Christianos
847 2639 904 2697 Dei
917 2640 1054 2699 unitatem
1070 2643 1177 2711 tollere,
1193 2642 1294 2702 Chris·

96 2750 148 2799 mm
163 2738 263 2799 Deum
279 2736 411 2797 colendo.

131 2838 201 2893 145.
224 2834 416 2893 Difficultatee
438 2848 475 2892 ex
498 2832 645 2910 Scriptura
659 2830 823 2908 desumptas
847 2830 984 2888 hactenus
998 2833 1148 2901 solvimus,
1174 2852 1293 2907 quarum

92 2916 244 3009 plerasque
259 2931 318 2991 sere
329 2930 487 3004 antiquatae
497 2928 642 2997 novimus,
654 2945 782 3001 quasque
797 2926 956 2985 doctissimi
968 2926 1035 2986 fidei
1047 2928 1175 2988 vindices
1187 2931 1294 3007 sepius

91 3030 247 3089 diluerunt.
288 3027 483 3087 Rationalistse
499 3027 637 3085 Germani
651 3044 701 3085 eae
715 3044 790 3084 nova
803 3034 832 3083 et
848 3025 988 3083 subtiliori
1012 3026 1103 3084 forma
1125 3028 1295 3105 plerumque

91 3124 242 3192 exhibent,
263 3122 316 3183 sed
329 3122 432 3182 eodem
455 3120 604 3180 recidente
627 3131 799 3200 quapropter
813 3122 895 3180 nobis
910 3123 1004 3180 visum
1018 3134 1063 3180 ert
1086 3142 1122 3182 ex
1144 3125 1296 3184 Priestleio

91 3220 249 3287 Furneeio,
264 3219 395 3293 aliisque,
410 3217 576 3276 domesticis
590 3218 677 3277 veluti
692 3218 871 3285 adversariis,
886 3235 935 3275 eas
950 3217 1099 3277 desumere
1114 3230 1144 3278 et
1157 3221 1295 3279 refellere.

92 3316 254 3375 Fumesiue
268 3315 386 3390 quidem
398 3314 599 3374 Rationalietas
613 3316 752 3388 sequitur,
767 3315 812 3373 vel
826 3324 943 3392 superat
955 3315 1123 3393 opinionum
1140 3319 1296 3376 temeritate

92 3423 122 3473 et
144 3413 308 3490 impietate.
350 3412 416 3470 Hos
442 3421 541 3470 contra
565 3410 787 3490 Hengstsnberg
811 3411 934 3488 plurima
956 3411 1090 3488 praeclara
1112 3412 1247 3473 disseruit
1267 3414 1297 3472 in

95 3508 209 3569 Christi
224 3510 282 3570 Dei
296 3508 434 3568 vindiciae
448 3506 759 3587 eruditissimoopese:
782 3507 937 3566 Witassiue
951 3508 1036 3566 etiam
1053 3508 1206 3585 Scriptura
1221 3510 1299 3568 teeti-

95 3607 195 3667 monia
207 3605 247 3666 do
261 3603 513 3665 Christoleliciter
523 3602 655 3662 revolvit.⁸

285 3843 323 3904 (1)
342 3838 470 3905 chrysost.
480 3838 547 3889 honr.
558 3838 723 3889 lminexri.
734 3838 851 3889 Maereat
1148 3914 1153 3923 Ι

288 3928 327 3988 (1)
344 3924 409 3975 vtes
420 3922 610 3987 christoloqirm
618 3939 634 3972 a
645 3922 840 3987 llengrtenborg,
851 3924 899 3975 rol.
910 3922 926 3972 i.
938 3937 959 3971 c.
970 3920 1029 3981 iii.·§
1040 3920 1073 3971 iii.
1083 3924 1109 3970 a.

284 4012 323 4074 (³)
341 4010 372 4063 1..
382 4010 414 4063 de
424 4010 556 4065 'l'rinitete
573 4026 615 4077 qu.
626 4008 658 4061 ir.
671 4013 685 4071 ς
697 4010 732 4061 iii.
