2730 5018
133 294 214 377 eth·
304 343 309 353 -
397 378 408 399 e
504 306 563 368 nu
584 307 723 369 PARTU
746 306 967 368 tuterunt).

371 802 513 862 chUT
533 799 588 860 111.
630 801 686 861 DE
712 800 853 861 1³er
874 801 1094 862 vitrorum

175 982 224 1036 39.
247 977 363 1053 Corpus
383 975 539 1052 assnmpsit
559 972 693 1034 Christus
708 993 744 1032 ex
758 974 889 1052 Virginis
912 976 1013 1034 Marias
1027 986 1119 1044 utero,
1133 994 1199 1036 nam
1210 977 1308 1042 ideoffi.

134 1075 174 1132 cit
188 1074 363 1149 Apostolusr
386 1073 494 1130 “misit
507 1071 588 1130 Deus
602 1072 711 1131 Filium
723 1089 818 1139 suum,
842 1071 946 1130 sactum
961 1089 1000 1129 ex
1019 1072 1184 1132 muliere.”²
1221 1077 1309 1152 Apolli·

133 1170 210 1227 naris
225 1164 323 1226 docuit
333 1166 402 1225 illud
416 1168 526 1225 coelitus
541 1166 676 1242 delatum,
692 1185 743 1242 per
756 1166 874 1242 virginis
888 1176 1011 1235 uterum,
1027 1168 1113 1226 veluti
1128 1171 1312 1244 penetralem,

132 1263 257 1337 ideoque
270 1264 327 1321 dici
341 1263 377 1320 de
392 1263 529 1321 Christo:
551 1272 572 1298 “
581 1263 725 1321 secundus
741 1262 828 1320 homo
842 1261 877 1320 de
891 1263 975 1329 coelo,
987 1262 1160 1321 coelestic.'’¹
1187 1263 1314 1326 Ceterum

132 1360 265 1435 Apostoli
280 1377 363 1417 mens
374 1358 469 1435 patet,⁴
475 1357 609 1416 Chritus
624 1361 731 1434 quippe
746 1358 781 1416 de
796 1359 869 1416 coelo
883 1369 936 1426 est,
949 1360 1017 1432 quia
1030 1358 1169 1427 Verbum,
1185 1360 1318 1432 quoderat

135 1455 211 1532 apud
224 1454 333 1523 Deum,
347 1455 452 1512 lactum
466 1464 510 1512 cst
524 1473 599 1521 caro,
612 1473 678 1511 vera
693 1456 889 1529 assumptione
910 1455 1041 1513 humanae
1065 1464 1170 1513 naturae
1186 1457 1215 1512 iu
1229 1455 1316 1516 divine

134 1569 264 1628 personae
279 1553 426 1609 unitatem.
467 1550 537 1609 Ideo
551 1560 707 1628 conceptus
722 1561 750 1608 et
764 1564 846 1608 natus
860 1570 897 1608 ex
921 1551 1012 1609 Maria
1025 1552 1135 1627 virgine
1155 1552 1316 1628 praedicatur,

134 1649 247 1725 Angelo
259 1649 285 1705 ei
298 1647 421 1705 dicente:
438 1658 457 1684 ‘⁸
468 1646 547 1705 Ecce
559 1648 705 1724 concipies
718 1649 746 1705 in
756 1659 847 1714 utero,
862 1659 890 1705 ct
901 1648 994 1724 parics
1004 1647 1128 1706 lilium.”
1145 1690 1153 1705 .
1169 1690 1177 1706 .
1194 1690 1202 1706 .
1218 1657 1238 1684 ⁸¹
1249 1648 1317 1716 Quod

134 1755 267 1803 nascetur
281 1762 318 1801 ex
333 1755 360 1801 te
375 1753 514 1810 sanctum,
529 1744 675 1801 vocabitur
689 1744 779 1800 Filius
794 1740 904 1801 Deir*
979 1760 983 1767 ·

176 1842 226 1897 to.
247 1839 275 1896 E
290 1840 400 1915 virgine
414 1848 503 1895 matre
516 1839 657 1913 prodiisse
670 1839 816 1897 Christum
830 1838 965 1914 perpetui
978 1838 1075 1896 docuit
1085 1839 1230 1906 Ecclesia,
1250 1843 1314 1910 vade,

133 1933 395 2010 Evangelistcrum,
410 1942 438 1988 et
452 1932 555 2008 Angeli
570 1931 653 1989 dictis
676 1934 783 1990 innixa.
824 1933 941 1990 Fabulis
956 1945 1089 1991 accenset
1108 1933 1199 1991 Paine
1214 1934 1314 2010 virginei

135 2040 232 2106 partus
247 2028 450 2092 narrationem,
464 2046 548 2099 quarn
564 2028 639 2102 apud
655 2029 773 2092 Gentes,
789 2029 823 2086 de
834 2029 956 2086 ⁴deorum
980 2048 1047 2086 cum
1068 2029 1313 2107 mulieribus3com=

135 2125 243 2183 mencio
257 2123 380 2199 plurima
393 2120 581 2189 venditantes,
597 2123 683 2179 fidem
695 2124 807 2181 facilem
819 2125 975 2182 obtinuisse
987 2123 1080 2182 dicit*
1120 2125 1271 2195 Furnesius
1283 2129 1313 2185 in·
1333 2106 1340 2117 ‚

134 2220 230 2276 sinuat
243 2235 280 2274 ex
295 2215 374 2274 miris
390 2214 500 2272 Christi
514 2216 648 2289 operibus
662 2228 751 2274 ortam
774 2237 838 2274 esse
859 2218 1053 2295 suspicionem
1068 2219 1103 2277 de
1126 2228 1263 2296 conceptu
1279 2240 1314 2278 su·

133 2311 323 2389 pometumli:
346 2326 434 2381 quem
458 2309 507 2381 qui
522 2309 651 2384 rejecerit
664 2312 751 2368 veluti
773 2312 945 2382 fabulosum,
970 2314 1125 2372 firmiorem
1145 2315 1231 2372 rebus
1243 2317 1314 2390 gestis
1349 2352 1361 2387 ¹.

133 2407 221 2466 fidem
236 2405 427 2464 adhibiturum
442 2404 510 2461 dicit
519 2407 542 2462 1⁶
581 2404 705 2462 Unitarii
719 2407 846 2480 plerique
860 2428 926 2467 eum
938 2410 1080 2486 rejiciunt,
1091 2409 1139 2467 vel
1152 2409 1255 2466 nullius
1267 2414 1315 2468 mo'
1354 2434 1361 2473 .;

133 2503 222 2562 menti
237 2509 367 2559 censent.

174 2604 224 2656 41.
239 2597 359 2655 Veteres
371 2595 509 2662 haeretici,
525 2594 691 2661 cerinthus,
702 2594 855 2665 Ebionitae,
870 2599 1021 2667 Photinus,
1036 2599 1138 2657 lesum
1152 2599 1318 2676 eJos'ephct

130 2686 237 2754 'Marte
252 2693 395 2751 consortio
413 2702 509 2749 natum
524 2692 686 2748 censebant.
727 2689 908 2760 dormianus,
923 2696 1080 2753 monachus
1093 2695 1318 2762 Mediolanensir,

131 2780 232 2847 ¹docuit
246 2790 341 2847 matris
357 2787 544 2863 integritatem
567 2785 597 2842 in
611 2795 692 2861 partu
706 2785 852 2852 amissam,
878 2787 1025 2847 damnatus
1040 2791 1145 2849 idcirco
1168 2793 1198 2849 in
1212 2791 1321 2848 concilio

134 2886 268 2944 Romano
284 2903 358 2943 anno
372 2887 440 2940 390.

643 3091 829 3130 Phorosrrlo.

179 3229 317 3287 Christus
331 3247 346 3285 c
359 3228 478 3304 virgine
489 3233 642 3303 conceptus
654 3233 696 3284 eet
710 3233 851 3294 stitutus,
866 3226 997 3304 Spiritus
1013 3226 1116 3287 Sancti
1127 3249 1224 3307 opera,
1235 3245 1263 3294 et
1277 3238 1323 3296 θαι.

133 3342 177 3382 uo
188 3323 295 3381 metris
309 3322 481 3399 integritate
492 3319 648 3397 virginali.

176 3419 329 3477 Probatur
344 3419 368 3476 l.
389 3397 426 3476 ec²
436 3417 578 3476 vaticinio
595 3417 692 3475 Isoiae.

177 3521 226 3573 42.
249 3515 425 3590 'l'repidante
439 3516 557 3571 Aclrazo
581 3514 616 3570 de
632 3515 737 3571 viribus
752 3516 912 3591 conjunctis
927 3533 1026 3591 regum
1051 3515 1164 3573 Israelis
1186 3529 1215 3573 et
1229 3521 1327 3594 Syriae,

138 3613 188 3686 qui
202 3613 282 3687 regni
297 3621 325 3667 et
338 3612 434 3686 stirpis
450 3609 604 3667 Davidicae¹
618 3611 794 3667 minabantur
815 3611 969 3677 excidium,
995 3629 1077 3686 spem
1098 3614 1214 3688 superni
1237 3618 1331 3674 auxilii

138 3709 259 3785 praebuit
271 3708 371 3773 lsaias,
397 3706 621 3779 miraculumque
636 3708 666 3764 in
687 3709 885 3782 promissionis
901 3709 1191 3767 confirmationem‘se
1212 3719 1336 3786 patratu·

172 3941 215 4006 (l)
233 3940 289 3989 Gal.
299 3940 331 3990 iv.
341 3942 368 3988 4.

167 4027 210 4086 (2)
228 4025 247 4072 l.
261 4023 318 4071 Cor.
329 4039 370 4071 xv.
380 4023 422 4072 tr.

127 4130 131 4137 ·
175 4110 217 4172 (a)
236 4105 429 4155 Luctator.

174 4193 216 4256 (4)
237 4191 291 4250 Age
302 4188 331 4239 ot
343 4186 510 4253 Remmpgi.
526 4189 565 4235 14.
1302 4245 1329 4259 Μ

172 4278 210 4336 (5)
228 4280 242 4304 “
252 4271 346 4321 Should
356 4270 404 4319 this
415 4269 592 4318 consideration
605 4270 677 4319 sofar
688 4272 767 4334 weigh
779 4273 838 4322 with
852 4290 880 4324 us
890 4292 916 4324 os
928 4283 953 4325 to
964 4277 1017 4326 lond
1028 4293 1058 4326 us
1066 4284 1092 4327 to
1106 4279 1178 4344 reject
1189 4278 1232 4328 the
1242 4261 1344 4332 notice

138 4359 166 4407 oi
178 4358 217 4407 his
227 4357 291 4406 birth
302 4372 328 4404 ns
341 4354 430 4417 wholly
443 4354 562 4412 sabulone,
574 4370 601 4402 or
617 4364 641 4404 to
653 4358 737 4418 regnrd
748 4357 815 4407 them
827 4376 853 4407 es
865 4369 905 4408 too
922 4361 1047 4424 imperfect
1060 4371 1086 4414 to
1098 4364 1227 4414 commend
1245 4381 1290 4415 our
1302 4381 1341 4415 u·

137 4448 198 4498 sent,
208 4441 255 4488 still
267 4455 311 4488 our
323 4438 383 4487 saith
394 4437 421 4486 in
432 4436 471 4484 his
480 4437 563 4502 public
574 4445 625 4487 sets
636 4440 685 4489 and
696 4441 784 4490 official
795 4458 876 4517 career
892 4444 964 4494 could
985 4453 1036 4507 not,
1047 4449 1080 4512 lry
1091 4448 1300 4513 enyponibility,
1309 4451 1342 4499 bc

137 4524 297 4584 endangered.
313 4523 337 4572 It
347 4521 429 4573 would
440 4523 470 4571 be
489 4521 792 4582 menedemos-Jecur
807 4525 909 4577 endiis
925 4528 1136 4598 Biograplrerr,p.
1147 4532 1172 4584 ii.
1183 4548 1206 4583 c.
1216 4531 1233 4582 i.
1244 4547 1269 4598 p
1283 4536 1344 4583 107.
