2730 5018
381 293 438 354 Dtt
460 293 630 354 CHRISTI
652 286 993 357 sartsrtc'rtortd.
1038 373 1041 377 Ι
1229 296 1290 357 249

135 474 200 530 186.
227 469 293 549 Odj.
310 473 338 527 5.
362 468 420 537 Qui
436 467 585 527 Christum
611 470 705 528 Deum
727 470 792 529 Deo
813 471 1033 530 satisfacientem
1057 471 1203 540 exhibent,
1219 469 1291 530 duos

74 577 219 628 sotrum
231 566 322 635 Deos,
337 584 391 623 nec
406 565 483 623 enim
497 566 552 623 sibi
566 566 726 626 satisfacere
741 569 805 640 quis
822 572 942 644 potest²

135 667 198 721 187.
221 661 312 738 Rerp.
333 660 401 736 Ipse
417 659 552 719 Christus
567 660 653 730 homo
668 673 749 720 estet
758 663 849 729 Deus,
864 673 892 720 et
906 663 936 720 in
947 670 1093 739 assumpte
1104 662 1229 720 hominis
1244 681 1292 719 na-

87 771 160 817 ture
173 758 249 824 Deo,
265 757 315 830 qni
329 756 424 824 Pater,
439 756 582 824 seritius,
598 767 626 814 et
641 759 764 834 Spiritus
785 760 906 816 Sanctus
929 770 983 828 est,
999 759 1153 818 satisfecit:
1177 759 1291 816 “Unus

97 855 169 914 enim
182 855 275 922 Deus,
290 872 365 911 unus
379 862 408 910 et
422 852 560 911 mediator
574 854 629 911 Dei
644 864 672 912 et
686 854 836 913 hominum
856 855 944 915 homo
966 855 1099 915 Christus
1113 856 1220 914 Jesus:
1244 855 1293 928 qui

101 952 170 1010 dedit
182 950 411 1026 redemptionem
426 951 614 1026 semetipsum
635 971 687 1027 pro
701 951 881 1010 omnibusne*
920 953 1004 1012 Nihil
1018 954 1065 1011 hic
1086 971 1200 1030 pugnae,
1216 950 1294 1025 quod

104 1046 184 1106 Filios
198 1047 229 1104 in
243 1046 368 1103 humana
382 1055 481 1103 natura
494 1044 558 1103 Deo
570 1046 735 1106 satisfaciat.

136 1147 200 1200 tas.
226 1141 294 1220 Odj.
311 1145 340 1199 6.
363 1141 496 1198 Christus
517 1141 688 1200 intercessor
701 1143 731 1200 in
753 1145 906 1220 Scripturis
927 1144 1087 1212 exhibetur,
1109 1163 1168 1201 non
1186 1142 1294 1216 aliquid

55 1314 57 1319 Ι
107 1220 248 1298 suoveluti
266 1237 332 1313 jure
347 1237 512 1313 postulans:
536 1238 615 1309 “qui
630 1247 673 1295 est
688 1236 723 1295 ad
744 1238 888 1296 dexteram
903 1237 970 1306 Dei,
988 1239 1038 1311 qui
1052 1239 1138 1295 etiam
1161 1237 1294 1313 interpel-

108 1336 197 1410 lrtpro
210 1331 339 1390 nobis.”⁸
423 1353 426 1361 ¹

120 1433 205 1488 .189.
226 1427 316 1504 Resp.
347 1426 545 1484 intercessoris
572 1429 669 1499 utique
695 1428 822 1504 fungitur
845 1429 952 1495 officio,
978 1427 1030 1485 sed
1058 1427 1180 1503 pretium
1208 1425 1295 1483 simul

108 1525 188 1590 otiert.
232 1522 361 1581 “Semel
375 1523 484 1581 oblatus
498 1531 542 1579 est
555 1521 590 1579 ad
610 1525 770 1581 multorum
785 1523 978 1582 exhauriendo
998 1521 1161 1600 peccata.”⁴
1201 1531 1220 1557 “
1234 1521 1295 1580 Sat-

105 1641 162 1686 raro
176 1622 204 1679 in
219 1629 389 1697 perpetuum
412 1629 506 1696 potest
526 1618 692 1677 accedentes
715 1621 967 1696 persemetipsum
982 1619 1018 1677 ad
1039 1618 1183 1676 Deum.”⁵
1223 1616 1293 1674 ideo

101 1716 265 1783 intercessio
280 1733 337 1773 non
351 1714 406 1771 alia
420 1713 530 1771 videtur
543 1714 736 1790 intelligenda,
752 1733 838 1786 quarn
854 1717 916 1790 ipsa
935 1715 1084 1790 praesentia
1097 1713 1169 1770 Jesu
1184 1712 1294 1769 Christi

97 1831 193 1878 coram
215 1810 310 1876 Patre,
332 1827 388 1881 qua
414 1809 550 1866 continuo
575 1809 661 1866 veluti
683 1809 799 1866 exhibet
820 1810 935 1867 vulnera
959 1827 1010 1885 pro
1028 1808 1179 1867 hominum
1201 1807 1291 1863 salute

94 1916 232 1986 accepta:
256 1914 319 1962 “nt
332 1913 464 1980 appareat
477 1904 553 1962 nu'nc
570 1904 659 1962 vultui
675 1904 731 1961 Dei
745 1922 796 1981 pro
810 1903 940 1982 nobisl’t
1076 1899 1077 1903 ’

92 2145 223 2202 sification,
233 2139 317 2190 which
328 2140 349 2189 is
360 2145 497 2204 repugnant
508 2146 534 2189 to
545 2139 658 2204 opinions
669 2155 726 2188 now
736 2138 852 2188 received.
869 2139 923 2189 Itis
935 2138 1084 2204 expreseing‚
1096 2134 1122 2186 in
1133 2137 1201 2187 other
1209 2137 1297 2196 words,

98 2247 150 2284 οιιι
165 2225 288 2279 Saviour's
299 2225 453 2283 declaration,
472 2225 518 2274 ‘he
529 2225 582 2274 that
592 2225 687 2274 cometh
699 2226 758 2274 after
775 2212 818 2276 me*
832 2232 898 2274 must
914 2226 970 2274 take
981 2239 1015 2287 up
1032 2223 1071 2271 his
1088 2239 1153 2272 eroes
1164 2223 1236 2286 daily,
1248 2223 1298 2271 and

99 2314 182 2368 follow
192 2311 256 2363 mes
280 2311 363 2376 They‘
376 2309 436 2359 both
447 2309 523 2373 imply
534 2308 588 2357 that
598 2325 636 2357 we
648 2315 738 2357 cannot
749 2309 869 2372 approach
880 2307 935 2357 God
947 2307 1051 2356 without
1062 2322 1077 2354 a
1088 2306 1249 2365 sacrifice,-a
1260 2322 1298 2354 sa·

108 2398 181 2450 orifios
191 2414 224 2448 on
232 2398 275 2448 tho
284 2404 339 2462 part
350 2397 378 2445 os
388 2395 483 2445 human
493 2400 579 2442 nature
596 2394 623 2442 in
634 2394 711 2442 union
722 2394 784 2442 with
794 2395 848 2445 that
867 2394 895 2446 oi
907 2409 952 2444 our
963 2391 1089 2442 Saviour.''
1114 2391 1208 2442 Oxford
1218 2397 1299 2450 traete

110 2481 155 2532 No.
164 2483 204 2530 80.
216 2495 240 2542 p.
250 2479 286 2528 iii.
297 2497 324 2546 p.
333 2483 373 2529 76.
391 2477 438 2528 vol.
450 2478 483 2526 iv.
502 2476 608 2526 London
617 2477 715 2538 edition,
730 2480 803 2528 less.

114 2630 118 2638 Ι
144 2564 180 2632 (1)
198 2559 329 2613 Unitarian
340 2556 496 2620 Miscellauy,
505 2557 552 2607 rol.
561 2557 577 2606 i.
587 2574 611 2624 p.
624 2562 680 2612 ³7⁰.

148 2652 186 2722 (2)
204 2657 226 2706 l.
237 2654 304 2705 Tim.
315 2656 342 2705 ii.
354 2659 378 2705 5.

143 2744 176 2806 (³)
192 2741 264 2790 Rom.
276 2741 326 2789 viii.
338 2741 379 2790 ³4.

78 2867 81 2871 .
147 2826 184 2891 (t)
203 2823 267 2875 Heb.
275 2824 312 2874 ix.
324 2827 366 2873 28.

146 2908 181 2972 (h)
197 2905 261 2955 flet.
271 2906 312 2956 rii.
324 2906 365 2956 25.
390 2912 396 2920 '

146 2988 355 3069 mmmm
