2744 5024
118 117 159 175 0⁰
337 116 395 179 DE
415 116 606 179 AE’I'ERNA
626 114 756 177 VElllil
776 110 1100 213 Guuuut'rtonss.
1148 126 1151 133 '

62 218 73 241 r

115 271 259 335 ationem
278 284 447 353 perpetuam
459 275 619 344 illustrarit,
633 276 735 335 Arium
748 293 869 352 arguens
884 274 932 346 qui
954 268 1087 347 dicebar
1107 270 1152 327 ‘si
1167 277 1252 327 natus
1263 288 1359 344 eq,

54 394 60 443 j·
116 378 306 448 emttempus
319 366 434 444 quando
447 391 505 430 non
527 382 588 430 orat
606 371 715 433 filiusz’
744 380 832 429 “troo
847 370 1008 447 intelligens
1027 369 1112 425 etiarn
1135 376 1233 425 natum
1252 382 1342 432 ense

53 474 58 519 τ
118 463 186 524 Deo
199 468 406 544 sempiternum
419 485 497 535 osse,
510 477 542 526 nt
560 469 599 526 sit
612 465 781 526 coeternus
794 466 872 525 Patri
893 465 998 532 Filios,
1013 465 1087 521 sicot
1107 459 1245 538 splendor
1274 466 1333 537 qor'
1360 484 1368 505 r

117 559 245 638 gignitur
258 563 293 621 ab
305 564 383 642 ⁸igne
403 574 488 637 atque
508 561 685 629 diffunditur,
710 581 824 621 coecus
837 572 882 618 est
895 562 946 628 illi,
961 573 990 618 et
1009 568 1086 618 esset
1106 558 1324 625 coaeternus,ri

49 630 56 729 ‚i
117 666 195 714 essm
213 657 290 734 ignis
311 657 481 717 aeternus.”¹
521 659 679 716 Omosnrn
702 659 786 716 etiam
808 656 993 727 ἆείγεννᾱτωρ
1006 652 1324 724 scalpentium&

46 748 63 831 p
118 752 277 814 “Salvator
289 766 386 815 noster
399 756 548 832 Sapientia
560 767 605 814 est
625 756 692 814 Dei.
734 756 790 814 Est
803 765 896 813 autem
920 752 1068 829 Sapientia
1088 749 1225 827 splendor
1243 747 1320 807 lucit
1366 800 1368 833 :

48 836 55 852 ’
118 859 231 911 eternae
252 893 262 911 .
284 896 292 912 .
315 895 325 913 .
346 895 355 913 .
375 873 491 931 semper
504 855 629 930 gignitur
642 853 801 911 Salvatora
816 849 934 910 Patre.’'
1351 914 1357 919 ,

158 953 208 1008 43.
231 949 328 1016 Quum
351 963 448 1027 agatur
462 950 497 1007 de
517 951 656 1026 mysterio
679 969 795 1027 prorsus
808 949 924 1030 sublimi
939 948 1042 1005 mirum
1065 963 1123 1003 nou
1144 956 1189 1003 est
1208 957 1320 1001 veteres

118 1040 221 1101 Patres
235 1041 271 1100 de
286 1044 383 1102 Verbo
396 1043 496 1119 divino
507 1044 658 1117 loquentes
672 1045 767 1117 aliqua
782 1044 905 1118 prolerre
920 1062 984 1116 qun
997 1043 1117 1099 obscura
1130 1052 1207 1106 sunt,
1221 1051 1253 1097 et
1265 1056 1321 1095 an·

119 1134 200 1211 bigni
213 1154 327 1205 sensus,
343 1139 391 1195 vix
405 1138 484 1211 enim
498 1149 592 1214 potest
613 1139 701 1199 bomo
716 1138 750 1196 de
765 1158 800 1197 eo
815 1151 899 1216 prout
911 1138 993 1195 decet
1013 1137 1138 1213 cogitare
1159 1136 1204 1192 vel
1226 1132 1322 1205 loqui.

121 1227 267 1289 Ceterum
282 1250 345 1304 quor
360 1233 466 1306 ubique
481 1245 633 1293 occurrunt
646 1236 808 1292 testimonia
822 1234 857 1291 de
874 1233 926 1291 Dei
942 1233 1058 1298 unitate,
1074 1249 1195 1304 qunque
1209 1229 1322 1307 passim

122 1325 252 1384 Verbum
267 1327 362 1387 Deum
378 1317 542 1405 predicant,
557 1331 667 1389 nullum
681 1331 776 1389 locum
789 1329 955 1388 dubitationi
968 1329 1002 1386 tle
1014 1347 1079 1385 vera
1091 1328 1207 1386 Patrurn
1223 1331 1324 1383 ments

16 1446 84 1505 t„
120 1425 295 1498 relinquunt,
319 1428 368 1500 qui
383 1429 466 1505 plane
488 1429 626 1511 catholice
645 1440 807 1511 sonnerunt,
822 1426 1032 1500 licetquaedam
1048 1427 1143 1483 minus
1158 1434 1325 1483 amoratoa
1366 1450 1368 1481 ι

119 1523 291 1596 quibusdam
306 1525 363 1582 sint
376 1527 494 1602 prolata.
515 1510 518 1517 ¹
537 1508 640 1586 dirior
656 1527 765 1585 Patavii
784 1527 814 1584 in
835 1526 900 1583 illos
914 1543 1035 1582 censura
1055 1525 1095 1597 ab,
1112 1523 1327 1599 ipsomntgrta
1350 1506 1368 1561 ”·

33 1640 40 1661 ¹
121 1620 276 1680 admodum
291 1630 344 1688 est,
360 1631 389 1678 et
402 1623 489 1680 veluti
503 1637 643 1681 revocata.

159 1721 209 1775 44.
231 1718 331 1776 Liceat
343 1719 445 1776 lrenaei
466 1721 550 1776 verba
564 1721 737 1796 subjungere
752 1720 855 1792 quibus
870 1720 997 1795 increpat
1011 1736 1060 1775 eos
1075 1715 1127 1788 qui
1148 1711 1328 1790 mysterium

118 1815 310 1893 generationis
325 1813 428 1872 divinae
443 1815 560 1871 scrutari
574 1826 603 1871 et
623 1816 767 1890 explicare
788 1815 850 1872 ausi
870 1827 946 1877 sunt,
962 1814 1008 1871 vol
1030 1813 1130 1870 tinetas
1153 1811 1207 1868 bac
1231 1812 1333 1902 tenta:

119 1912 197 1969 tione
212 1910 371 1985 pulsabant.
403 1908 661 1966 “Irrationabiliter
674 1925 768 1968 autern
783 1911 884 1977 inflati,
899 1911 1040 1967 audaciter
1053 1907 1252 1966 inenarrabilia
1276 1898 1336 1958 Del

46 2020 50 2031 ¹
118 2005 258 2081 mysteria
272 2003 344 2060 scire
359 2021 410 2060 vos
425 2003 535 2079 dicitis..
553 2043 560 2060 .
581 2044 588 2061 .
605 2044 613 2060 .
630 2045 663 2062 ..
685 2006 716 2062 Si
733 2007 797 2079 quis
811 2007 898 2083 igitur
919 2006 1001 2063 nobis
1016 2004 1139 2061 dixerit:
1163 1989 1339 2070 Quomodo

119 2114 190 2174 ergo
204 2098 281 2154 filius
297 2096 421 2171 prolatus
437 2098 550 2155 aPatre
565 2099 631 2155 est?
673 2099 805 2158 Dicimus
821 2101 849 2158 ei
863 2102 929 2172 qnia
944 2100 1132 2176 prolationem
1147 2100 1241 2164 istam,
1259 2089 1342 2150 sive

38 2268 41 2273 .
118 2193 342 2269 adapertionem,
358 2202 406 2248 aut
418 2191 632 2264 quomodolibet
645 2195 709 2267 quis
724 2195 840 2253 nomine
855 2194 1008 2260 vocaverit,
1022 2195 1234 2269 generationem
1256 2183 1347 2261 ej¹¹⁸

116 2288 334 2348 inenarrabilem
349 2288 519 2362 existentem
533 2307 619 2347 nemo
632 2291 721 2357 novit,
736 2310 793 2348 non
806 2290 986 2356 Valentinus,
999 2308 1055 2346 non
1072 2290 1216 2356 Marcion,
1225 2287 1349 2354 ΜΒ*

118 2383 299 2451 Saturninus,
312 2402 405 2456 neque
417 2384 571 2452 Basilides,
582 2402 676 2458 neque
689 2386 793 2462 angeli,
806 2405 899 2459 neque
910 2384 1081 2461 archangeli,
1094 2403 1148 2441 nec
1162 2384 1352 2460 principem

116 2501 213 2556 neque
227 2491 392 2558 potestates,
407 2482 464 2539 nisi
488 2482 566 2540 solus
581 2483 630 2555 qui
651 2484 796 2560 generavit
816 2484 911 2550 Pater,
926 2493 956 2540 et
976 2483 1027 2555 qui
1049 2492 1135 2540 natus
1149 2494 1193 2538 est
1215 2479 1355 2539 Filiue‘

117 2570 316 2638 inenarrabilis
327 2577 421 2650 itaque
434 2578 577 2653 generatio
587 2578 649 2654 ejus
661 2598 725 2636 corn
738 2579 785 2646 sit,
796 2580 969 2650 quicumque
982 2578 1108 2634 nituntur
1119 2563 1361 2653 generatione&

118 2686 148 2734 et
170 2676 342 2752 prolationes
356 2694 496 2742 enarrare,
512 2692 569 2739 non
584 2685 652 2732 sunt
665 2685 813 2752 compotes
828 2676 885 2754 sui,
899 2693 932 2732 ea
947 2693 1010 2747 qnae
1033 2674 1231 2731 inenarrabilia
1252 2689 1296 2729 sun
1325 2649 1368 2703 3

116 2788 249 2830 enarrare
264 2768 509 2845 promittentes.”³
658 2767 660 2771 ’

268 3252 408 3311 CAPUT
429 3253 467 3312 ll:
510 3254 567 3311 DE
588 3255 689 3312 Just]
712 3255 882 3314 CHRISTI
905 3256 1166 3315 DlVlNlTATE.

157 3431 207 3485 45.
230 3427 370 3494 Vennum,
381 3428 486 3485 Filium
502 3429 569 3496 Dei,
585 3429 713 3504 ejusdem
730 3449 761 3485 ac
772 3430 856 3486 Pater
867 3431 1043 3496 substantiae,
1053 3418 1211 3503 verumque
1223 3430 1316 3488 Deum

118 3526 312 3602 probavimus.
355 3524 520 3584 Humanam
541 3541 667 3584 naturam
684 3528 718 3584 ab
733 3546 767 3584 eo
782 3542 957 3603 assumptam
973 3512 1008 3586 in*
1024 3530 1173 3587 bominum
1196 3530 1317 3588 salutem

117 3620 189 3680 fides
205 3620 305 3677 docet:
329 3632 500 3698 quapropter
515 3623 639 3680 Verbum
656 3642 721 3681 caro
736 3623 839 3680 sactum
852 3625 954 3682 dicitur
968 3625 1059 3683 ,lesus
1073 3623 1206 3684 salvator
1220 3646 1237 3683 a
1249 3646 1318 3684 voce

118 3717 262 3777 Hebraico
276 3717 397 3774 salutem
411 3718 562 3779 denotante
575 3707 702 3824 flpqpr't.
745 3720 905 3779 Consuevit
918 3723 1002 3779 etiam
1017 3723 1155 3799 appellari
1164 3721 1320 3783 'enursrus
1345 3758 1348 3765 ·

118 3842 217 3905 Χριςος.
232 3854 282 3892 seu
306 3824 415 3929 mgis.)
437 3846 556 3905 unctus,
571 3859 627 3911 qna
648 3840 757 3895 ratione
772 3857 852 3914 reges
867 3820 982 3897 Jud‘atci
1004 3842 1186 3909 vocabantur,
1200 3841 1271 3900 oleo
1289 3843 1318 3901 in

116 3968 237 4025 regnum
252 3952 371 4009 inuncti,
393 3929 546 4010 'Servator
561 3965 653 4010 antem
668 3954 733 4010 oleo
747 3973 804 4012 non
819 3967 863 4013 est
876 3945 987 4025 unctus,
1001 3959 1051 4016 scd
1067 3958 1191 4035 Spiritus
1206 3959 1318 4024 Sancti,

119 4046 201 4122 eujus
216 4048 311 4106 oleum
327 4061 370 4104 est
384 4047 559 4123 symbolum,
572 4049 655 4123 copia
670 4050 746 4106 intus
760 4050 895 4127 repletus

418 4222 455 4280 (l)
473 4217 503 4270 L.
515 4220 546 4269 vi.
557 4221 587 4269 de
599 4221 667 4271 Trin.
677 4239 698 4271 c.
711 4223 726 4270 i.

419 4305 457 4364 (2)
474 4301 549 4352 Hom.
560 4304 595 4354 ix.
605 4304 631 4354 in
642 4305 731 4354 Jerem.

417 4390 454 4450 (3)
473 4385 503 4438 L.
514 4389 549 4440 iit
560 4390 614 4441 odv.
626 4391 682 4443 her.
694 4407 715 4442 c.
726 4393 801 4443 xlviii.

117 4472 299 4552 A
