2744 5024
108 276 160 353 ss
463 283 520 351 uu
542 283 684 350 nuum
705 279 962 349 cantamus.
1153 244 1232 365 31³²

126 479 130 487 ·
153 446 203 507 66.
224 445 271 504 Ι)ο
280 443 408 524 Origene
419 455 537 520 questus
549 458 593 505 est
607 448 817 523 Hieronymus,
826 464 894 504 eum
907 445 1027 504 finxisse
1037 443 1092 502 sibl
1103 439 1228 502 mundos
1239 438 1315 501 “iu¹

112 544 303 605 numerabiles
318 545 430 602 eternis
445 544 500 603 sibi
509 545 630 605 saeculis
642 543 829 602 succedentes
850 542 1028 601 extitisse.”²
1069 542 1147 600 Eum
1163 538 1311 601 iniuntur

113 640 291 713 aliquatenus
311 640 451 718 ¹Geologi,
474 659 596 714 quorum
619 651 713 699 umen
739 642 922 707 recentiores,
945 636 1109 696 fflrttonem
1128 637 1256 710 sequuti,
1277 636 1311 694 de

112 736 223 812 origine
232 735 342 804 muudi,
354 754 405 794 seu
415 736 617 814 cosmogonin,
628 737 728 794 nolunt
736 755 830 812 agere,
840 745 929 793 totum
943 750 1041 792 eorum
1051 732 1178 791 studium
1190 733 1219 790 in
1232 741 1311 789 terrae

113 832 266 908 superficie
282 831 452 908 indaganda,
467 842 499 889 nt
512 850 583 904 quas
599 833 675 890 vices
685 832 812 899 subierit,
825 831 979 907 explicent,
995 829 1040 886 vel
1052 828 1191 895 divinent,
1204 844 1312 903 ponen·
1354 889 1356 896 ¹

112 936 166 985 tes.
168 928 182 960 ¹
210 926 330 999 (imin,
339 944 378 987 ex
386 929 493 996 svium,
502 929 637 1005 piscium,
648 941 871 1000 ceterorumque
881 926 1065 984 animantium
1074 924 1197 991 exuviis,
1209 922 1311 995 quein

112 1034 200 1083 tractu
212 1025 525 1129 illom,qu1'alveus
535 1025 683 1083 Parisinus
692 1023 779 1092 audit,
787 1033 906 1099 repertae
913 1031 988 1089 sunt,
997 1023 1027 1079 iu
1036 1019 1145 1096 lapides
1154 1037 1310 1085 converse,

106 1121 306 1198 ,irruptionum
304 1100 600 1181 misundatiouum
615 1122 718 1178 seriem
733 1120 917 1197 excogitavit,
928 1117 1031 1192 quibus
1046 1117 1183 1193 pervices
1199 1114 1310 1172 iteratas

113 1217 231 1275 obrutus
246 1226 291 1273 est
298 1216 391 1284 orbis,
404 1218 489 1274 variis
501 1217 691 1275 animantibus
704 1226 815 1274 terram
811 1233 964 1289 aquasque
972 1213 1178 1271 incolentibus.
1213 1211 1310 1277 ·Euru,

112 1312 255 1387 insignem
267 1311 335 1369 licet
345 1312 522 1388 magistrum,
537 1312 667 1388 plerique
676 1313 736 1388 jarn
749 1311 959 1378 deserueram?
972 1326 1072 1382 quum,
1084 1307 1218 1366 examine
1233 1305 1312 1363 iusti·

43 1476 54 1489 ,
113 1414 185 1473 tuto,
198 1425 256 1463 nou
268 1406 366 1464 eadem
377 1408 482 1480 ubique
495 1409 668 1466 occurrerint
681 1407 801 1476 indicia3
817 1409 911 1466 necin
923 1407 987 1483 ipso
999 1402 1081 1463 alueo
1095 1402 1229 1461 Parisino
1244 1401 1311 1459 satis

112 1499 353 1579 distinguerentur
364 1505 560 1571 animantium,
573 1524 625 1582 pro
637 1515 798 1581 temporum
810 1504 919 1572 ordine,
933 1502 1068 1560 exuviae.⁴
1108 1499 1141 1558 Id
1153 1501 1222 1556 vend
1237 1497 1312 1575 apud

113 1593 426 1678 Geologosplerosque
442 1620 493 1678 pro
508 1603 649 1679 principio
664 1602 782 1670 obtinet,
798 1600 874 1674 qnod
889 1619 952 1673 que
967 1601 997 1657 in
1011 1613 1085 1656 terra
1098 1587 1252 1655 occurrunt
1265 1596 1313 1654 ob·

112 1695 261 1764 servanda,
272 1680 442 1772 explic'anda
456 1698 614 1773 suntjuxta
628 1717 727 1755 causas
737 1697 873 1774 legesque
887 1694 1037 1760 naturales,
1049 1711 1167 1764 quarum
1179 1692 1310 1758 effectus,

111 1788 290 1866 experientia
299 1791 443 1868 magistra,
455 1793 646 1851 innotescunt:
660 1792 779 1869 proinde
791 1811 853 1850 earn
866 1790 1034 1848 saeculorum
1044 1789 1146 1845 seriem
1157 1786 1310 1863 postulant,

112 1905 163 1964 per
178 1907 241 1960 quae
265 1907 316 1965 per
335 1897 429 1947 motus
446 1889 618 1958 volcanicos,
634 1890 679 1946 vel
700 1889 771 1946 alios
793 1898 873 1946 terrae
889 1897 994 1954 motus,
1009 1885 1055 1942 vel
1075 1883 1214 1940 chimicas
1230 1901 1311 1956 quas·

113 1979 176 2040 dam
193 1984 329 2049 actiones,
345 1994 374 2041 et
392 1981 466 2060 ignis
484 2000 624 2056 aquaque
647 1985 769 2059 impetus
785 1985 890 2050 varios,
912 1993 991 2040 terrae
1012 1980 1099 2037 iacies
1121 1979 1214 2052 qualis
1236 1998 1311 2037 nuuc

113 2076 232 2144 videtur,
246 2077 390 2134 16616611.ὅ
420 2079 589 2154 Agnoscunt
603 2088 697 2135 tamen
713 2079 842 2154 plerique
854 2086 995 2136 recentem
1008 2076 1133 2134 hominis
1145 2075 1312 2150 originem,⁰

112 2168 234 2243 ideoque
250 2180 351 2229 terram
368 2191 484 2249 magnas
500 2182 599 2249 putant
613 2174 735 2231 subiisse
750 2175 838 2242 vices,
857 2185 885 2231 et
900 2173 1052 2233 animantia
1071 2191 1087 2228 a
1105 2171 1311 2229 recentioribus

110 2269 195 2344 longe
204 2267 431 2337 diversatulisse,
440 2270 569 2346 plurimis
577 2271 682 2356 elapsis
692 2269 965 2346 saeculis-antequam
976 2271 1063 2329 homo
1071 2269 1202 2328 conditus
1214 2269 1308 2328 suerit.

112 2360 158 2422 De
173 2365 320 2440 Scriptura
343 2368 530 2439 questionem
558 2369 664 2425 moveri
688 2370 798 2437 nolunt,
813 2389 844 2427 re
865 2380 932 2436 tota,
950 2369 1034 2445 juxta
1055 2365 1160 2424 indicia
1181 2385 1196 2423 e
1217 2368 1312 2426 stratis

112 2470 202 2528 terroe,
218 2462 338 2564 rupibus
350 2463 563 2537 montibusque,
578 2475 607 2522 et
627 2463 772 2523 fossilibus
787 2467 954 2538 caeterisque
968 2463 1158 2541 phenomenis
1181 2464 1312 2521 naturali-

111 2559 170 2617 bus
183 2527 342 2634 desumptp,
357 2559 548 2636 dijudicanda.
590 2562 747 2619 Nonnullis
768 2563 949 2620 revelationis
971 2560 1130 2618 vindicibus
1152 2559 1248 2617 visum
1268 2568 1313 2618 est

113 2652 307 2730 Geologorum
323 2655 427 2731 placita
439 2664 498 2713 rata
512 2656 614 2714 habere
618 2676 723 2729 ,quum
737 2659 872 2735 temporis
887 2657 1077 2723 intervallum,
1087 2674 1139 2731 per
1150 2653 1227 2726 quod
1240 2665 1313 2714 terra

29 2804 36 2811 .
56 2832 65 2851 ἱ
111 2751 205 2857 qm]
216 2753 294 2833 35!qu
321 2754 443 2812 “inanis
459 2763 503 2812 est
516 2754 626 2812 vacua³¹
641 2755 734 2823 suerit,
750 2775 809 2812 uon
824 2759 860 2813 sit
874 2776 890 2812 a
912 2757 1019 2832 Moyse
1034 2754 1193 2819 definitum,
1208 2761 1239 2833 et
1253 2753 1311 2812 die·

74 2904 77 2907 ·
112 2891 173 2930 rum
187 2873 315 2941 nomine,
330 2871 431 2928 saltem
445 2881 595 2943 antequam
611 2872 663 2929 Sol
677 2882 786 2929 creatus
800 2872 897 2939 luerit,
913 2873 1038 2948 spatium
1052 2869 1127 2929 haud
1142 2877 1252 2929 certum
1268 2873 1310 2930 in·

111 2969 276 3044 telligatur.⁷

152 3067 200 3120 61.
224 3063 367 3118 Caeterum
384 3061 513 3132 quamvis
535 3028 654 3119 liberam
677 3062 880 3138 interpretandi
902 3064 1061 3122 laenitatem
1083 3065 1144 3123 aliis
1166 3067 1310 3160 relinqua·

110 3176 186 3225 mus,
201 3176 264 3229 quae
286 3155 433 3231 proferunt
454 3154 576 3231 Geologi
597 3176 654 3214 uon
671 3156 741 3216 adeo
757 3158 837 3216 firma
858 3159 941 3216 nobis
962 3159 1103 3228 videntur,
1119 3172 1149 3219 ut
1166 3164 1200 3220 ab
1223 3163 1309 3220 obvio

110 3254 260 3312 verborum
277 3251 430 3325 Scriptura
442 3268 528 3307 sensu
543 3250 625 3308 sacile
640 3252 816 3311 recedamus.
845 3254 990 3326 Equidem
1005 3255 1141 3314 hactenus
1150 3258 1223 3316 mire
1235 3259 1310 3315 iuter

110 3441 226 3494 l’homme
235 3454 301 3492 'nous
312 3443 378 3508 psrle
390 3458 484 3492 comme
496 3444 519 3492 la
531 3451 624 3503 nature,
636 3444 683 3494 soit
694 3461 741 3508 que
752 3461 816 3494 nous
828 3446 979 3496 consultioris
990 3448 1025 3496 les
1037 3448 1115 3497 vraies
1127 3448 1257 3501 traditions
1268 3451 1310 3500 des
1337 3454 1344 3472 '

109 3528 217 3592 peuples‚
226 3528 272 3576 soit
282 3542 330 3591 que
340 3543 403 3576 nous
414 3527 568 3577 examinions
578 3529 631 3577 leur
642 3527 692 3578 etat
702 3530 778 3578 moral
790 3537 814 3578 et
824 3530 949 3593 politique,
960 3536 986 3579 et
995 3532 1018 3579 le
1029 3530 1231 3597 developpement
1241 3535 1310 3584 intel·

110 3614 197 3663 lectuel
209 3611 280 3676 qu’ils
293 3613 390 3661 avaient
401 3613 487 3661 atteint
498 3629 530 3662 au
541 3621 650 3663 moment
659 3622 691 3664 ou
702 3622 871 3663 commencent
882 3616 946 3664 leurs
955 3631 1102 3666 monumens
1113 3618 1309 3682 authentiquss.”

113 3696 214 3753 Crevier,
226 3697 318 3745 dissert.
328 3713 371 3744 sur
382 3697 417 3744 les
429 3706 553 3746 ossemens
562 3697 663 3746 fossiles.
698 3698 761 3747 Vide
772 3699 846 3748 etiam
857 3700 872 3748 J
874 3702 985 3763 acquelot
994 3717 1036 3751 sur
1044 3700 1185 3753 l’exlstencs
1196 3703 1227 3754 de
1245 3704 1310 3754 Dieu

110 3781 168 3832 Diss
179 3778 201 3831 Ι.
212 3781 292 3830 ch.xi.
304 3788 328 3830 et
339 3781 405 3830 Diss.
416 3781 448 3831 ll.
459 3799 481 3832 c.
491 3782 516 3831 ii.

143 3872 180 3931 (1)
198 3865 226 3921 L.
239 3868 263 3917 ii.
277 3869 330 3918 adv.
342 3869 470 3919 Rufinum.

142 3959 179 4016 (2)
197 3953 290 4018 Lyell's
301 3946 435 4021 Principles
446 3956 474 4004 ol
488 3955 607 4020 Geolugy,
617 3956 682 4005 book
696 3958 717 4013 l,
729 3954 768 4003 ch.
779 3956 819 4004 iv.
829 3957 927 4006 Hellen
942 3960 1014 4007 1786.

143 4043 180 4100 (3)
198 4039 290 4088 Ibidem
302 4039 331 4088 L.
342 4040 374 4090 iv.
385 4041 424 4089 ch.
434 4040 502 4088 xviii.

142 4121 180 4183 (4)
197 4118 328 4177 Forichom
339 4119 453 4168 Examen
465 4119 507 4168 des
516 4119 641 4181 questions
652 4118 816 4183 scientifiques
830 4122 840 4165 l
853 4121 972 4182 question,
983 4129 1034 4173 sect
1042 4122 1074 4172 iv.

143 4209 180 4267 (6)
196 4205 259 4254 Vide
271 4211 350 4254 totum
361 4220 437 4268 opus:
456 4210 470 4235 ‘⁶
482 4203 617 4268 Prlnciples
628 4204 657 4252 ol
671 4204 805 4270 Geology,”
823 4207 855 4270 by
869 4205 972 4257 Charles
989 4207 1068 4272 Lyell,
1081 4208 1106 4257 in
1123 4209 1180 4260 four
1190 4212 1307 4274 volumes,

109 4288 222 4350 Londcn,
238 4292 311 4353 183⁶.

107 4374 233 4433 ·6(161.16
245 4368 317 4423 boolr.
331 4377 353 4434 l,
363 4372 420 4423 ch'
413 4389 447 4423 rx.

145 4463 181 4522 (7)
199 4459 262 4508 Vide
274 4457 425 4510 Wisemsn’s
442 4457 559 4508 Lectures
570 4475 603 4509 on
615 4460 717 4511 Science
732 4461 781 4510 und
799 4462 920 4525 Religion,
931 4463 1021 4514 lecture
1034 4464 1092 4527 6th3
1085 4426 1215 4520 ·Perroue
1225 4469 1307 4522 'l'rsct

27 4594 34 4605 ,
104 4541 140 4612 pie
150 4540 204 4591 Deo
216 4545 373 4609 creatorsp
367 4540 463 4594 riceii.
498 4541 635 4630 Bucklsnd,
647 4545 812 4608 Bndgevvatsr
822 4545 942 4607 Treatrse
952 4548 991 4598 ch.
1003 4548 1035 4599 ll.
