2730 5018
74 253 136 315 280
303 252 305 261 '
344 252 401 319 DE
423 252 714 319 PEOOATORUM
735 250 1009 322 EXPIATIONEA

76 412 215 488 majorum
228 432 345 474 suorum
360 414 501 473 οάοιιιιι.1
522 414 666 488 Equidem
682 415 711 473 in
723 424 780 473 tota
791 415 910 474 historia
922 414 1088 475 iudeorum
1103 415 1242 482 nemoalim
1303 404 1325 429 ''

76 517 121 563 est
141 508 187 565 cui
210 508 285 566 vatis
301 508 456 585 descriptio
481 508 621 567 ullatenus
642 509 853 568 accommodari
875 523 969 582 queat,
991 509 1063 567 adeo
1083 518 1115 565 ut
1142 509 1245 585 pierium.

75 598 243 679 interpretes
259 603 380 680 judaici,
402 604 446 662 vel
468 603 671 670 Rationalem,
687 605 735 676 qui
761 603 910 662 Christum
932 604 1034 662 nolunt
1053 607 1243 680 agnoscerem

76 697 132 757 allo
146 716 290 772 quoquam
305 717 368 758 eam
381 699 524 776 explicare
540 714 597 758 non
611 699 818 776 aggredientur,
834 699 885 758 sed
899 699 934 758 ad
956 699 1056 777 populi
1077 697 1161 756 totius
1173 701 1245 760 condi·

76 792 194 862 tionem,
209 794 254 852 vel
268 795 470 870 prophetarum
484 804 588 852 coetum
603 795 733 854 referant.
755 795 910 853 lnseliciter
923 810 1042 872 prorsus
1058 793 1145 851 cessit
1158 792 1245 865 (liele,

77 898 107 948 et
120 887 258 956 Seidelio‚
273 891 322 963 qui
336 889 491 947 Jeremiam
508 888 650 966 designari
670 889 888 958 contendebant,
903 891 1019 948 nemine
1033 888 1092 946 alio
1112 904 1202 945 eornm
1213 891 1248 963 qui

78 982 234 1040 christiano
248 984 439 1060 gloriabantur
453 984 568 1042 nomine
589 1003 640 1062 per
653 985 858 1060 septemdecim
873 985 978 1045 saecula
992 984 1135 1044 Ecclesiae
1148 984 1184 1040 ita
1195 1002 1250 1046 ton·

80 1078 200 1135 unum·
240 1076 324 1144 Quod
345 1090 440 1136 autem
454 1079 490 1136 de
511 1081 618 1157 populo
634 1080 678 1138 vel
699 1092 795 1139 vatum
817 1092 890 1139 contu
906 1079 1011 1148 duduci,
1026 1089 1056 1136 et
1070 1078 1250 1151 Βιιίοιιιὶἰιιι,

80 1173 245 1232 vaticinium
266 1174 464 1251 explicuerint,
477 1177 617 1234 sermonis
638 1177 785 1234 contextui
807 1185 954 1253 repugnat,
969 1186 998 1235 et
1018 1175 1099 1233 omni
1119 1186 1193 1232 cartu
1212 1179 1253 1237 reri

80 1269 187 1345 specie.
229 1270 431 1347 Rosenmriller
449 1273 574 1347 primum
595 1271 711 1345 quidem
737 1284 832 1330 vatum
847 1286 953 1330 ctutum
975 1270 1126 1338 intellexit.
1140 1268 1255 1348 deinceps

80 1377 186 1424 mutata
198 1367 339 1427 seutentm
358 1368 496 1445 populum
517 1368 670 1428 Judaicum
691 1368 871 1446 Babylonica
891 1387 1022 1446 pressum
1035 1367 1180 1433 servitute,
1194 1368 1256 1444 cnjus

80 1475 186 1522 sortem
207 1463 361 1539 Babylonii
382 1465 525 1540 finguntur
546 1465 667 1541 plorare,
683 1483 772 1538 seque
796 1484 872 1533 reos,
886 1483 1008 1538 quorum
1021 1482 1109 1522 causa
1124 1462 1167 1520 illi
1190 1462 1260 1538 patie-

82 1560 183 1618 bantur
206 1578 372 1636 agnoscere
415 1559 488 1619 Haec
512 1580 597 1635 quam
620 1562 693 1620 male
716 1562 790 1619 inter
808 1580 840 1618 se
862 1561 988 1619 haereant
1007 1576 1095 1617 nemo
1115 1576 1174 1615 non
1192 1555 1260 1616 videt.

83 1656 257 1716 Audiatur'
250 1676 312 1734 ipse
338 1657 443 1716 isaiam
471 1659 675 1735 interpretans:
710 1631 800 1742 iffi
784 1642 896 1756 liz*
897 1653 961 1745 l'llss
982 1641 1028 1719 ll
1040 1647 1157 1734 ἸΖἸᾸΒΠ
1178 1637 1304 1726 illm

83 1753 160 1813 “Et
173 1752 651 1823 Joocancurecre,sern'1nstar‚s
662 1720 824 1815 hostiliter
812 1776 846 1816 m
857 1775 924 1816 eum
935 1758 1040 1814 irruere
1051 1755 1141 1832 jussit
1152 1751 1265 1813 crimino
1323 1812 1327 1823 ,

83 1857 221 1909 nostrum
234 1848 379 1918 omnium,
393 1850 414 1907 i.
426 1868 452 1909 e
469 1869 567 1927 poenas
582 1864 684 1911 nosne
697 1853 835 1929 impietati
845 1852 954 1911 debitae
965 1852 1045 1910 illum
1057 1851 1143 1909 unice
1159 1847 1268 1925 periesre

80 1942 288 2023 jussitJova.”
320 1984 357 2005 ..
379 1987 388 2005 .
420 1945 529 2004 “Dicit
547 1947 734 2024 igiturvates,
750 1949 875 2007 ministri
888 1948 964 2006 illius
978 1947 1079 2015 divim,
1094 1944 1165 2003 dum
1179 1945 1272 2003 mortui

84 2041 173 2099 instar
190 2041 302 2098 habitus
327 2050 413 2108 esset,
437 2040 589 2114 equalium
613 2044 762 2101 neminem
789 2042 818 2101 id
840 2043 967 2101 animum
991 2038 1159 2108 adrerum,
1184 2057 1275 2116 ponas
1318 2022 1327 2035 l

85 2136 204 2213 irrogari
217 2135 259 2194 illi
273 2154 332 2203 eas,
347 2153 418 2209 quas
432 2135 494 2193 alies
507 2146 607 2213 gentes
621 2138 856 2214 promeruissent.
877 2137 912 2196 ld
927 2137 1005 2196 enirn
1019 2137 1075 2195 sibi
1086 2135 1187 2194 volunt
1199 2132 1278 2194 verina

49 2322 54 2330 .
87 2232 169 2292 use:
200 2235 271 2335 505
296 2242 362 2337 p„
376 2242 444 2327 epp
470 2226 586 2339 py'pn
608 2243 732 2312 propter
752 2233 892 2294 delictum
907 2233 1012 2312 popula·
1034 2232 1094 2294 me
1109 2229 1210 2310 plaga
1228 2231 1277 2303 ιιι,

88 2348 152 2407 scil.
167 2348 347 2407 Hebraeis.¹
313 2349 347 2386 '¹'
386 2350 480 2417 Quam
501 2350 695 2409 inverosimile
715 2352 753 2410 sit
773 2351 981 2429 Babylonios
972 2367 1002 2409 ru
1016 2368 1048 2408 se
1062 2348 1214 2408 transferre
1227 2348 1283 2407 col·

86 2464 166 2523 pam,
179 2456 208 2504 et
220 2445 239 2505 J
241 2446 338 2506 udeos
350 2464 449 2505 eorum
461 2465 550 2506 causa
570 2465 671 2524 passos
692 2449 829 2525 profiteri,
844 2464 930 2507 nemo
944 2463 1002 2506 non
1016 2445 1102 2505 videt.
1145 2445 1241 2513 Quam
1255 2442 1285 2504 id

90 2562 108 2601 a
120 2559 162 2601 re1
176 2544 291 2602 veritato
305 2542 388 2610 absit,
403 2543 584 2602 manifestum
600 2561 714 2617 qnoque
729 2553 782 2603 eat.

123 2643 189 2697 lae
200 2638 286 2706 Quod
293 2648 387 2698 autem
396 2637 1108 2743 ¹105pluralisvideaturiorme‚poetmscilicetrd
1120 2657 1174 2714 pro
1182 2635 1286 2742 0155

90 2766 237 2832 usurpant,
252 2766 346 2832 potest
358 2755 477 2832 intelligi
492 2754 527 2813 de
542 2756 649 2832 populo
663 2754 788 2829 alioquin
803 2755 958 2833 puniendo.
973 2755 1030 2813 nisi
1021 2754 1149 2813 Deus'
1141 2773 1172 2812 ιιι
1186 2753 1288 2812 Chris·

90 2861 150 2910 tum
175 2853 295 2910 crimina
316 2852 520 2909 transtulisset·
545 2857 667 2931 propter
690 2850 829 2910 delictum
847 2849 954 2930 popuii
974 2849 1043 2918 mei,
1065 2849 1173 2927 quibua
1189 2842 1289 2927 plngo

91 2967 157 3007 vere
172 2949 344 3008 deberetur.⁴
384 2949 527 3008 Ceterum
542 2948 747 3008 demonstravit
760 2950 916 3009 novissime
936 2946 1076 3005 Ewaldus
1093 2965 1193 3005 vocem
1209 2945 1289 3004 illam

91 3045 228 3119 singulari
242 3063 360 3103 numero
374 3047 513 3121 usurpari,
524 3044 600 3118 quod
612 3065 649 3103 ex
663 3046 718 3103 alio
733 3045 816 3104 lsaiae
830 3044 993 3103 testimonio
1007 3045 1142 3102 constat.⁵
1183 3042 1289 3101 Omnis

92 3139 176 3215 igitur
189 3139 303 3197 evanuit
316 3139 477 3208 difficultas,
492 3152 520 3198 et
533 3150 590 3198 tota
610 3141 745 3198 orationis
766 3143 855 3198 series
870 3139 905 3198 ds
928 3138 1058 3207 Christo,
1079 3136 1219 3216 singulari
1240 3136 1289 3221 illo

92 3237 153 3294 viro
168 3254 254 3307 quem
268 3235 474 3310 contemplatus
489 3247 533 3293 est
547 3245 634 3302 vates.
647 3235 816 3313 explicanda
829 3246 882 3293 est.
1162 3228 1166 3233 ’

133 3332 200 3389 129.
218 3331 298 3389 ‘Vere
313 3341 406 3388 autem
421 3329 498 3387 luere
514 3329 663 3391 Christum
678 3343 859 3408 peccatorum
880 3351 980 3408 poenas
995 3348 1032 3388 ex
1046 3330 1117 3388 vatia
1133 3330 1228 3388 verbis
1243 3348 1289 3388 ex·

92 3428 232 3505 ploratum
247 3436 300 3485 est.
341 3425 374 3484 ld
389 3445 426 3485 ex
440 3430 502 3503 ipsa
517 3427 729 3487 Rosenmtilleri
743 3430 981 3487 commentatione
996 3427 1154 3505 colligitur:
1179 3426 1289 3485 “illum

93 3524 250 3583 assimilant
265 3523 387 3600 piaculo,
402 3524 431 3584 in
446 3524 522 3596 quod
544 3525 663 3585 aliorum
684 3527 768 3603 culpa
788 3538 933 3602 congesta,
947 3526 1067 3601 ejusque
1088 3523 1201 3582 vicariis
1223 3541 1291 3599 sup·

94 3621 188 3698 pliciis
203 3620 306 3678 abolita
320 3619 396 3678 est.”
439 3629 459 3656 ‘⁶
476 3619 563 3690 Quod
576 3621 603 3679 si
611 3622 760 3701 poenaria,
775 3622 876 3699 seceris
891 3631 931 3688 ιιι,
945 3621 1030 3688 Jova,
1049 3617 1207 3698 piaculum
1227 3617 1292 3696 ani·

94 3737 177 3776 mum
190 3717 266 3795 qua,
282 3718 302 3776 i.
319 3736 345 3775 e.
361 3736 439 3784 eum,
454 3717 564 3777 uidebit
579 3737 686 3788 semen,
701 3729 842 3796 posteros,
858 3726 987 3794 resurget
1000 3735 1037 3775 ex
1058 3716 1187 3783 mortuis,
1202 3734 1247 3772 vs.
1262 3719 1291 3784 8,

95 3814 124 3868 9.
174 3811 325 3871 “Nomen
345 3821 458 3918 0pr
485 3815 599 3893 proprie
621 3812 771 3882 delictum,
797 3811 924 3892 auduom,
949 3820 1046 3872 notare
1077 3818 1197 3877 constat,
1223 3809 1293 3868 hinc

94 3926 279 4007 aurificium
293 3948 349 4007 quo
364 3930 501 3993 delictum
515 3930 663 4009 uniatur,
684 3930 838 4008 piaculum,
853 3927 930 4003 quod
950 3927 1063 4005 exlege
1084 3925 1179 3985 Lerit.
1195 3927 1224 3993 d,
1243 3927 1291 3983 15.

127 4183 167 4243 (t)
184 4180 249 4229 Vide
259 4180 324 4244 apud
336 4180 531 4243 Hengstenberg,
544 4180 709 4244 cutientem,
718 4179 765 4228 vol.
774 4179 821 4244 ip.
831 4181 889 4228 484.

130 4271 170 4329 (2)
186 4266 279 4316 Istum
285 4283 309 4330 p.
318 4266 375 4315 492.

130 4354 171 4413 (8)
187 4350 220 4401 In
236 4349 324 4402 lecum.

133 4435 172 4496 (4)
190 4434 384 4497 Heugstenberg,
400 4431 560 4501 christologg
572 4433 621 4483 vol.
632 4433 649 4483 i.
660 4449 684 4498 p.
696 4433 753 4484 522.

132 4523 171 4586 (d)
188 4519 256 4571 isaie
267 4522 326 4571 xliv.
340 4523 378 4571 ln.
393 4520 430 4570 1⁷.
446 4519 512 4570 Vide
524 4519 677 4570 Wiseman's
688 4517 806 4571 Iccium
817 4536 851 4570 on
862 4517 961 4569 sumes
971 4514 1027 4566 ond
1036 4512 1162 4583 Religion,
1174 4516 1227 4566 lect.
1240 4527 1265 4562 x.
