2730 5018
258 39 362 98 dicitur
375 42 465 117 gratia
477 39 652 108 intellectus,
666 39 722 97 ulia
734 39 908 107 volutantis,
921 39 977 107 vel,
988 48 1019 96 ut
1035 38 1346 116 Augustinisuensibns

257 134 313 192 alia
325 143 370 193 est
377 133 539 194 illustratio
554 134 671 202 mentis,
685 134 798 192 aliaest
812 131 1013 192 delectationis
1024 132 1193 210 inspiratio.
1215 131 1259 190 Ηι
1271 131 1300 182 ι’
1341 158 1346 180 ι
1361 151 1365 173 ¹

257 245 321 301 quae
335 229 366 286 in
379 230 475 288 anima
489 239 602 297 manet;
626 247 654 286 v.
669 248 698 305 g.
721 229 810 304 matie
824 227 1029 305 sanctificans,
1045 245 1101 300 qua
1114 228 1147 286 tit
1159 227 1224 287 Deo
1244 234 1364 304 accepta

256 323 342 382 etiam
357 323 481 400 Spiritus
497 322 606 382 Sancti.
648 321 786 381 dctuaiis
799 341 834 380 ea
847 331 892 379 est
906 340 970 395 que
986 331 1049 380 actu
1063 331 1160 380 movet
1174 321 1210 381 ad
1231 332 1312 380 actus
1325 339 1361 379 su

257 421 372 489 tumles,
395 422 470 479 siout
487 421 576 497 gratia
596 419 752 486 orationis,
777 419 928 495 impellens
954 430 985 478 ut
1009 438 1160 496 precemur
1181 418 1300 488 Deum;
1320 427 1350 478 et

256 515 363 591 operis,
378 533 497 574 movens
509 524 541 572 ut
554 514 661 587 aliquid
675 514 831 572 iaciamus:
846 533 874 570 v.
888 532 916 590 g.
929 525 960 571 ut
970 514 1071 572 demus
1086 515 1312 590 eleemosynam.
1352 520 1365 563 θ

256 608 356 685 gratis
380 609 457 668 dote
482 617 692 667 consueverunt
716 608 811 665 vocari
836 625 871 664 ea
894 607 970 665 dona
993 609 1217 685 supernaturalia
1230 625 1296 680 que
1317 608 1360 684 p'

257 701 358 761 dantur
382 704 419 761 ob
444 701 564 761 aliorum
589 702 757 760 utilitatem:
784 719 812 757 v.
828 719 856 777 g.
881 711 1008 779 potestas
1030 701 1162 779 patrandi
1186 700 1332 769 miracula,
1361 728 1365 749 ι

258 798 403 857 vaticinia.

427 970 685 1033 PEirAGlANAE
707 970 902 1030 HAERESIS
923 970 1075 1030 BREVIS
1096 956 1356 1053 RELAT104-'2f

297 1134 326 1185 4.
348 1127 413 1186 Jam
425 1127 513 1187 locuti
522 1145 623 1186 sumus
634 1127 670 1185 dc
682 1126 801 1202 Pelagio
810 1127 859 1199 qui
872 1135 1021 1203 peccatum
1032 1126 1153 1203 originis
1161 1137 1190 1185 et
1199 1127 1297 1204 gratie
1307 1142 1362 1187 uec

258 1230 316 1280 mm
326 1222 425 1294 quinto
434 1222 540 1280 saeculo
549 1222 664 1279 ineunte
672 1220 876 1297 impugnavit,¹
886 1221 1144 1293 hominemeaqua
1155 1222 1362 1299 primumcum

257 1328 302 1377 est
315 1317 488 1386 conditione,
502 1315 595 1376 adhuc
610 1318 689 1375 nasci
702 1315 888 1383 contendens,
902 1317 993 1375 libero
1010 1316 1160 1392 preditum
1181 1318 1307 1386 arbitrio,
1322 1336 1362 1392 qu

259 1416 296 1472 sit
320 1413 525 1472 beatitudinem
539 1413 689 1486 consequi,
705 1413 813 1485 absque
827 1413 887 1470 ullo
909 1413 1118 1489 supernaturali
1132 1414 1250 1473 auxilio.
1294 1413 1360 1474 Oon

260 1509 394 1586 Diospoli
406 1508 554 1588 (Lydda)
568 1509 597 1568 in
612 1508 766 1567 Palaestina
777 1507 916 1576 habitum,
927 1508 1141 1580 quatuordecim
1152 1509 1299 1587 episcopis
1313 1526 1360 1568 oon

257 1606 331 1664 lictis
344 1606 408 1682 ejus
422 1605 516 1663 verbis
539 1603 625 1663 fidem
641 1613 791 1680 prestans,
811 1603 853 1661 illi
878 1604 1016 1680 pepercit,
1031 1605 1139 1680 rejecto
1159 1614 1254 1663 tamen
1269 1605 1333 1681 ejus
1360 1632 1365 1653 ι

257 1699 402 1759 damnavit
415 1701 492 1758 enim
506 1699 675 1757 articulum:
697 1697 844 1775 “gratiam
856 1696 913 1756 Dei
927 1709 1011 1770 atque
1023 1698 1192 1775 adjutorium
1206 1717 1266 1759 nou
1280 1699 1316 1761 ad
1329 1698 1365 1758 ι’

258 1806 336 1852 actus
351 1794 422 1862 dari,
437 1794 531 1852 sedin
545 1793 635 1851 libero
650 1793 764 1852 arbitrio
778 1809 854 1860 esse,
870 1791 915 1849 vel
931 1792 962 1850 in
975 1792 1039 1869 lege
1054 1812 1087 1850 ac
1108 1792 1282 1852 doctrina.'’⁵¹
1322 1798 1360 1855 68

257 1891 324 1966 copi
338 1909 412 1949 anno
426 1891 486 1949 llo
501 1888 676 1966 Carthagine
690 1889 904 1956 convenientes,
919 1897 948 1946 et
962 1892 998 1947 ol
1015 1889 1147 1966 episcopi
1160 1889 1333 1951 Milevitano
1346 1892 1357 1949 i

256 1987 334 2053 cilio,
349 1986 453 2063 placita
465 1985 542 2044 illius
556 1995 586 2043 et
597 1985 738 2043 Caelestii⁸
750 1984 920 2061 rejecerunt,
936 1986 1072 2061 probante
1085 1984 1256 2046 Innocentio
1277 1989 1301 2046 1.
1318 2007 1364 2047 an.

257 2079 334 2138 lctus
358 2081 412 2137 hos
434 2089 465 2137 ut
489 2078 616 2137 eluderet
639 2078 785 2155 Pelagius,
807 2079 913 2136 litteras
935 2079 1070 2138 subdolas
1084 2080 1120 2139 ad
1142 2080 1342 2142 Innocentium

258 2175 346 2242 misit,
362 2174 571 2245 celestiusque
585 2174 649 2249 ipse
664 2175 788 2233 Romam
802 2175 920 2233 veniens
935 2176 1010 2253 apud
1029 2177 1190 2246 Zosimum,
1212 2178 1361 2237 Innocen'

259 2288 417 2339 cessorem,
432 2270 562 2344 querelas
577 2269 612 2328 de
633 2269 858 2329 adversariorum
874 2271 953 2331 salsis
976 2274 1222 2334 criminationibus
1241 2274 1353 2343 effudit.

257 2366 493 2445 petronniacum
507 2366 576 2425 sede
590 2365 724 2425 Romana
733 2367 839 2426 sentire
853 2367 1000 2444 professus
1013 2379 1066 2428 est.
1110 2371 1237 2431 Reorum
1248 2389 1364 2430 cansam

257 2472 332 2527 mete
343 2462 445 2530 illeso,
457 2463 555 2521 iterato
564 2462 691 2520 examini
702 2461 974 2538 subjecitZosimus,
984 2473 1012 2522 et
1020 2464 1219 2524 Africanorum
1229 2466 1365 2542 praesulu

257 2556 358 2615 tentiae
379 2554 498 2630 rogavit,
514 2554 564 2627 qni
578 2571 698 2611 numero
712 2557 771 2610 214
789 2553 964 2630 Carthagine
980 2556 1195 2625 convenientes,
1211 2557 1365 2616 Pontifioe

256 2652 357 2709 liorem
371 2648 500 2707 lecerunt
513 2647 684 2725 Pelagianos
699 2647 780 2705 dolos
802 2657 921 2716 struere,
936 2658 967 2706 ut
980 2651 1109 2708 securius
1124 2651 1317 2709 diffunderent
1336 2668 1354 2709 e

257 2745 374 2802 Nuntiis
389 2743 434 2802 his
449 2744 573 2819 acceptis
588 2742 740 2819 Synodum
754 2742 816 2817 ipse
832 2743 932 2801 Romae
954 2743 1060 2813 habuit,
1076 2746 1106 2803 in
1121 2764 1178 2818 qua
1197 2763 1307 2804 errores
1322 2745 1365 2802 ill

256 2861 322 2902 cum
333 2859 432 2899 eorum
442 2841 603 2897 auctoribus
615 2837 791 2916 proscripsit,
802 2839 1009 2914 epistolamque
1020 2839 1098 2899 dedit
1111 2840 1299 2900 Praetorium
1308 2860 1364 2901 con

255 2956 348 2997 rorem
357 2937 496 2995 novitium
507 2935 542 2992 ad
554 2937 706 3010 episcopos
716 2935 801 2992 totius
811 2936 887 2992 orbis
899 2935 1045 3005 directam,
1055 2938 1102 2996 cui
1112 2939 1200 3014 jussit
1208 2939 1365 2996 utsubscri

288 3134 326 3193 (l)
344 3129 431 3191 Supra.
443 3141 467 3190 p.
480 3128 521 3174 38.

289 3217 327 3275 (2)
345 3211 385 3260 ct
397 3210 468 3260 Acts.
480 3206 575 3258 Ooncil.
587 3206 663 3256 Hasd.
672 3213 730 3256 tom.
742 3207 758 3256 i.
767 3211 813 3260 col.
825 3213 901 3260 2011.

289 3301 326 3359 (3)
344 3296 421 3346 Hunc
432 3311 446 3344 a
459 3292 583 3343 Priestleio
603 3290 849 3357 Hibemumdffim,
863 3297 939 3347 sugg„
954 3296 1116 3363 Campanum
1127 3305 1210 3350 censet
1221 3297 1356 3350 Gammae

254 3397 302 3444 que
314 3380 416 3431 Scotum
427 3376 478 3429 veri
487 3376 595 3461 neminis
612 3374 760 3427 existimant.
773 3350 797 3413 *J
