2730 5018
439 299 497 360 nn
518 298 616 361 siut:
637 302 963 365 ANTE-urcium.
1026 315 1032 325 ¹
1244 312 1301 374 188

76 449 210 515 missu
223 450 422 532 procederent,
436 459 479 517 uti
498 477 586 537 super
606 458 796 538 Demiurgum
806 461 932 540 ⁸alterurn
953 464 1121 543 effingerent
1140 466 1302 528 Patrem.”²

81 541 246 609 &teram
262 563 292 611 et
305 553 452 614 Christum
468 555 562 615 Deum
577 575 642 615 esse
656 559 816 634 sepissime
831 559 963 631 declaret,
978 563 1073 642 ipsum
1090 565 1120 624 in
1137 584 1222 639 quem
1236 586 1302 644 pse·

83 642 189 703 mdo
204 646 411 722 delinquimus,
433 652 527 724 etqui
541 653 624 711 nobis
645 654 847 730 penitentibus
861 656 977 717 dimittit
995 669 1130 736 pesestas
1152 669 1172 698 ⁸¹
1180 662 1302 720 Peccata

86 736 182 815 'egitur
194 745 357 814 remittens,
382 747 528 806 bominem
544 748 661 821 quidem
679 751 800 822 curavit,
827 754 1017 830 semetipsum
1038 765 1133 814 sutem
1151 755 1301 815 manifeste

89 837 224 897 ostendit
245 842 311 913 quie
334 850 421 929 esset.
464 843 497 900 Si
518 844 597 903 enim
611 863 696 902 nemo
720 856 815 922 potest
834 849 978 907 remittere
1000 834 1125 926 peccata,
1150 851 1300 908 uisisolus

45 1012 48 1021 Ι
96 930 191 1003 Deos,
217 939 379 997 remittebat
392 950 486 999 sutem
505 941 566 999 bec
590 941 744 1010 Dominus,
770 952 798 1001 et
810 945 926 1004 curabat
943 946 1095 1015 bomines;
1117 947 1300 1006 menifestum

45 1030 63 1047 '¹
97 1030 234 1102 quonism
248 1034 314 1109 ipse
328 1045 388 1093 erat
400 1037 530 1095 Verbum
544 1036 611 1104 Dei,
637 1037 730 1095 silius
745 1038 872 1098 bominis
887 1040 989 1111 iactus,
1003 1062 1021 1101 a
1033 1043 1117 1101 Patre
1131 1051 1300 1120 potestatem

56 1158 61 1171 ·
100 1124 279 1185 remissionis
294 1140 476 1205 peccatorum
497 1132 651 1207 accipiens,
676 1134 811 1205 quoniam
826 1136 925 1205 homo,
949 1147 980 1195 et
993 1137 1129 1210 quoniam
1149 1136 1247 1205 Deus;
1268 1146 1301 1196 ut

102 1221 245 1293 quomodo
260 1223 348 1282 bomo
362 1221 532 1303 'compassus
545 1236 590 1284 est
603 1227 697 1295 nobis,
717 1237 862 1302 tamquam
876 1230 956 1289 Deus
971 1232 1137 1290 misereatur
1149 1233 1250 1301 nostri,
1272 1241 1302 1290 et

104 1318 220 1374 remittat
230 1320 316 1377 nobis
328 1316 421 1379 debita
435 1332 542 1390 nostra,
553 1340 619 1395 que
628 1322 727 1381 factori
737 1334 835 1382 nostm
847 1322 985 1391 debemus
997 1324 1108 1384 neor*
1142 1327 1220 1384 Eum
1231 1325 1300 1384 dicit

103 1415 190 1491 ipsum
206 1426 381 1475 creatoremr
403 1417 473 1476 “Ei
494 1428 589 1476 autem
604 1419 653 1493 qui
668 1437 761 1477 cecus
783 1420 874 1479 suerat
887 1440 904 1479 s
918 1422 1073 1490 nativitate,
1085 1423 1226 1499 jamnon
1248 1440 1300 1499 per

104 1528 269 1580 sermonem,
296 1514 347 1572 sed
370 1533 422 1591 per
435 1516 630 1591 operationem
653 1517 782 1595 prestitit
803 1518 909 1587 visum,
934 1537 992 1577 uon
1007 1537 1078 1578 vane
1101 1538 1195 1593 neque
1215 1528 1299 1596 prout

104 1609 190 1667 evenit
201 1610 261 1668 boc
275 1611 395 1681 faciens,
410 1612 462 1672 sed
477 1622 507 1670 ut
520 1612 685 1671 ostenderet
697 1631 813 1672 menum
827 1614 898 1683 Dei,
909 1633 972 1674 eam
987 1634 1051 1688 qne
1066 1617 1100 1674 ab
1117 1617 1199 1674 initio
1220 1616 1295 1693 plas-

106 1709 182 1766 mavit
195 1709 345 1768 bominem
350 1752 483 1768 .....
506 1710 564 1778 Qui
577 1710 655 1769 enim
667 1711 808 1769 visionem
822 1711 954 1770 formavit
974 1712 1116 1771 Dominus
1130 1713 1178 1771 bie
1192 1714 1299 1786 estqui

105 1804 259 1863 universum
284 1806 432 1865 hominem
448 1806 611 1883 plasmavit,
620 1805 757 1865 voluntati
771 1806 849 1864 Patri
864 1804 1076 1866 deserviens.'’⁸
1113 1807 1183 1866 Ideo
1204 1818 1298 1866 autem

45 1974 49 1984 y
105 1901 161 1959 licit
172 1919 240 1983 euna
256 1902 286 1960 iu
311 1903 429 1961 bomine
443 1900 593 1962 condendo
606 1902 743 1960 voluntati
757 1901 852 1960 Patris
865 1901 1020 1972 deservire,
1041 1911 1073 1961 ut
1086 1903 1215 1962 intimam
1229 1904 1298 1969 utri·

45 2052 49 2075 ;
105 2016 181 2071 usque
195 2000 434 2075 conjunctionem
447 1999 599 2075 significet,
614 2007 644 2055 et
656 1998 823 2056 relationem
838 1996 906 2056 Filii
920 1997 955 2056 ad
969 1999 1084 2057 Patrem
1098 2007 1201 2067 servet,
1216 2007 1245 2057 et
1256 2016 1297 2057 er·

45 2080 50 2167 }
105 2110 183 2152 rorem
198 2094 443 2166 qnem'confutut,
458 2095 578 2153 Patrem
587 2093 697 2152 scilicet
710 2093 774 2170 ejus
785 2092 873 2152 alium
884 2111 949 2152 esse
963 2113 980 2152 a
993 2075 1088 2154 rerum
1101 2105 1236 2163 creatore,
1248 2112 1297 2171 ps·

45 2174 50 2182 ’
106 2189 171 2247 uitas
184 2188 325 2247 eradicet.

132 2288 199 2343 157.
222 2286 242 2320 “
253 2283 322 2361 Ipse
337 2282 424 2361 igitur
438 2282 575 2343 christus
589 2302 656 2342 eum
671 2291 749 2362 patre
764 2285 894 2344 virorum
908 2292 953 2342 est
972 2283 1064 2353 Dens,
1079 2284 1129 2358 qui
1142 2292 1171 2342 et
1183 2283 1296 2342 locutus

99 2390 137 2441 est
148 2381 265 2458 Moysi,
281 2381 332 2453 qui
345 2390 375 2438 et
388 2381 514 2457 patribus
536 2381 732 2439 manifestatus
752 2380 845 2440 est.'’⁴
884 2380 956 2439 “Et
977 2380 1034 2439 hoc
1056 2381 1154 2457 ipsum
1176 2379 1297 2448 docens,

97 2476 202 2535 dicebat
215 2458 347 2535 ludaeis:
368 2476 513 2535 Abrabam
528 2485 608 2554 pater
621 2485 715 2535 vester
729 2475 867 2559 exultavit
880 2484 911 2533 ut
924 2474 1034 2533 videret
1047 2474 1123 2534 diem
1144 2494 1252 2543 meum,
1267 2484 1296 2532 et

93 2568 169 2639 sidit,
183 2580 215 2629 et
227 2572 345 2648 gavisus
359 2574 414 2629 est.
468 2570 544 2638 Quid
560 2571 659 2632 enimi
696 2570 826 2629 Credidit
838 2570 982 2629 Abrabam
997 2568 1071 2637 Deo,
1086 2577 1115 2627 et
1128 2568 1294 2647 deputatum

93 2673 133 2723 est
145 2665 173 2722 ei
188 2664 226 2722 ad
242 2666 397 2743 justitiam.
438 2666 567 2725 Primum
583 2665 710 2740 quidem,
726 2665 862 2741 quoniam
876 2665 939 2742 ipse
959 2672 1004 2722 est
1017 2664 1107 2722 iactor
1120 2664 1183 2723 celi
1198 2674 1227 2721 et
1240 2674 1295 2721 ter·

92 2780 129 2819 rre
150 2761 232 2820 solus
257 2762 388 2820 Deus.”⁵
428 2762 525 2839 uIpse
550 2763 628 2824 enim
650 2763 779 2822 Verbum
803 2760 870 2830 Dei,
895 2761 958 2839 ipse
982 2759 1145 2836 unigenitus
1171 2779 1188 2816 a
1208 2761 1293 2818 Patre

95 2854 231 2914 Christus
246 2857 345 2926 lesus,
362 2857 443 2915 Deus
457 2856 599 2916 noster.'’⁸

128 2948 285 3011 Probatur
300 2950 361 3010 III.
376 2950 431 3011 Eu
448 2949 607 3033 Symbob‘s,
620 2970 685 3031 que
697 2950 817 3011 recitari
826 2954 1038 3011 consueverunt
1048 2947 1217 3008 solemniter
1226 2956 1295 3008 aitte

96 3047 264 3107 emotum
278 3047 448 3108 Nicetium.

131 3148 200 3203 158.
223 3144 396 3221 Symbolum
412 3143 489 3218 qnod
503 3145 533 3202 iu
547 3145 679 3203 Romana
698 3144 833 3202 Ecclesia
846 3143 880 3201 ab
895 3142 1101 3217 antiquissimis
1116 3142 1296 3218 temporibus

94 3241 247 3298 consuevit
268 3240 390 3307 recitari,
408 3239 613 3316 Apostolorum
634 3240 751 3297 nomine
774 3238 966 3315 insignitum,⁷
986 3237 1120 3295 “lesum
1134 3234 1295 3303 Christum,

96 3338 200 3396 Filium
215 3336 272 3396 Dei
286 3335 439 3404 unicum,”
454 3338 613 3394 confitetur.
640 3335 744 3392 Verbis
758 3335 803 3392 bis
815 3333 995 3411 simplicibus
1009 3332 1143 3391 naturalis
1157 3331 1249 3390 Filius
1261 3331 1296 3388 ab

94 3434 128 3490 iis
142 3434 194 3507 qui
208 3432 363 3508 adoptione
382 3432 507 3492 filiomm
527 3432 667 3499 fruuntur,
689 3430 874 3490 discernitur:
895 3429 961 3490 ideo
974 3429 1053 3489 enim
1067 3427 1168 3486 unicus
1180 3426 1292 3484 dicitnr.

124 3667 171 3732 (l)
190 3665 307 3728 lreaoeus,
318 3667 335 3715 b
348 3682 372 3715 v.
382 3682 405 3716 c·
416 3682 459 3715 xv.

124 3751 540 3817 (s)1reneus,t.v.c.xvitn³.

128 3839 166 3898 (³)
184 3835 217 3886 1..
228 3853 251 3886 v.
263 3853 285 3886 c.
295 3853 320 3886 s.
370 3832 374 3839 '

124 3924 166 3986 (t)
182 3921 216 3972 1..
226 3921 259 3973 ir.
271 3939 292 3972 c.
303 3923 339 3973 xi.

123 4008 170 4073 (5)
188 4006 220 4057 L.
228 4007 262 4058 ir.
271 4023 293 4057 r.
303 4006 346 4057 xii.
358 4007 389 4058 ed
401 4004 456 4058 cat.
468 4008 527 4070 Agr.
548 4008 622 4055 ibib.

125 4092 169 4159 (b)
189 4090 221 4140 1..
231 4091 268 4143 iii.
276 4108 297 4142 c.
308 4090 382 4143 xviii.

125 4178 162 4236 (7)
180 4172 276 4225 (leont
286 4174 376 4227 Bnllus
386 4174 447 4225 illud
461 4172 637 4238 mmmdism
653 4186 707 4221 sess
719 4169 850 4221 (latomiis
860 4166 978 4235 epten,
988 4167 1086 4219 omissis
1096 4166 1188 4219 scilicet
1200 4165 1232 4218 iis
1242 4174 1299 4232 quet

95 4259 124 4309 ed
133 4275 226 4309 errores
237 4261 265 4310 is
276 4244 378 4310 Oriente
389 4266 487 4310 exertos
498 4257 663 4308 excludendos
674 4257 833 4321 pertinebant,
844 4270 922 4319 quum
932 4259 947 4286 ‘⁴
954 4254 982 4304 in
990 4253 1103 4304 Romans
1113 4253 1224 4303 Ecclesia
1231 4253 1301 4304 nulls

96 4344 191 4393 heresis
201 4351 287 4394 exorte
295 4343 358 4401 sit;”
376 4344 419 4394 ssd
430 4343 592 4393 verosimilius
610 4351 647 4391 est
657 4341 830 4406 simpliciorem
848 4340 952 4390 fernam
970 4337 1136 4389 Orisutslibus
1144 4344 1171 4388 st
1182 4336 1302 4388 Oocidsu·

95 4428 182 4478 mlrlsss
192 4429 222 4477 sb
234 4427 306 4477 initio
321 4442 486 4488 communem,
497 4427 524 4477 in
542 4426 642 4477 Oriente
653 4425 795 4484 additiones,
812 4423 940 4475 occisione
956 4421 1075 4473 bum
1088 4420 1218 4489 werpisse,
1235 4421 1302 4488 apud

98 4512 490 4583 Remsnssiutsgrsiumsusisss.
524 4506 1133 4571 VidsBullum,JudieiumBocl.cstb.e.r.§2
