2744 5024
409 297 411 301 ν
533 330 536 333 ,
589 232 813 341 rennuunt.
1228 276 1287 340 aes

125 419 157 482 Ξ.
179 423 262 485 Sicut
273 446 347 505 opus
362 431 478 500 malum,
492 450 530 491 ex
544 444 641 494 natura
654 453 716 505 sua,
730 446 776 494 est
788 438 886 496 mortis
908 445 1019 495 eterne
1033 428 1220 500 meritorium,
1240 427 1283 489 sic

84 515 194 580 buum
208 540 292 600 opus,
307 543 345 583 ex
355 535 453 585 natura
466 546 528 595 sua,
542 540 587 587 est
600 530 664 588 vitre
678 540 789 590 ammas
812 531 997 590 meritorium.

124 619 155 673 8.
176 617 219 676 Et
232 620 315 678 bonis
328 621 458 699 Angelis,
473 624 503 682 dr
512 625 606 700 primo
616 626 737 695 homini,
750 628 773 685 si
786 628 815 685 in
825 628 960 715 statu'iilo
972 636 1283 704 perseverassetusquc

85 710 122 768 sd
135 712 267 772 ultimum
282 717 359 785 vitae,
374 719 492 776 felicitas
506 731 583 779 esset
596 740 716 790 merces,
732 723 762 781 dr
776 742 835 781 non
848 725 946 801 gratia.
1050 733 1058 749 “

124 809 156 865 4.
177 808 249 866 Vita
261 819 366 869 aeterna
381 813 491 871 homini
505 815 615 893 integro
627 817 657 875 dr
670 817 783 894 Angelo
794 819 936 895 promissa
956 818 1009 875 suit
1020 816 1123 874 intuitu
1144 816 1284 873 bonorum
1318 816 1320 825 ¹

84 918 217 978 operum,
238 904 268 962 dr
288 906 363 964 bona
387 926 474 984 opera
494 927 531 968 ex
551 910 616 988 lege
636 921 743 969 uaturm
763 913 798 971 ad
820 913 896 971 illam
923 909 1156 984 consequendam
1181 927 1232 985 per
1251 925 1284 965 se

85 999 242 1058 sufficiunt.

123 1099 154 1152 t.
168 1094 211 1152 ·1u
231 1097 421 1172 promissione
441 1101 515 1159 iacta
534 1103 647 1180 Angelo
668 1104 698 1162 dr
720 1105 812 1180 primo
832 1104 943 1163 homini
964 1103 1124 1161 continetur
1144 1097 1279 1158 naturalis

80 1191 198 1267 justitia
213 1195 386 1264 constitutio,
400 1216 456 1271 qua
469 1218 521 1276 pro
534 1199 618 1257 bouis
632 1202 777 1277 operibus,
792 1202 855 1260 sine
869 1201 926 1259 alio
942 1209 1084 1277 respectu,
1100 1199 1157 1255 vita
1177 1204 1282 1254 aterna

82 1286 168 1362 justis
182 1289 365 1364 promittitur.

123 1388 155 1442 d.
176 1385 306 1444 Naturali
319 1387 579 1465 legeceastitutum
592 1392 646 1450 suit
652 1390 772 1461 homini,
785 1395 850 1452 utsi
860 1392 1063 1450 inobedientia
1076 1399 1281 1468 perseveraret,

84 1479 197 1540 adeam
212 1483 299 1542 vitam
313 1488 505 1561 pertransiret,
521 1490 550 1546 in
566 1508 622 1562 qna
635 1490 713 1548 mori
722 1508 779 1548 non
794 1502 902 1566 posset.

122 1583 154 1636 7.
175 1579 267 1637 Primi
281 1580 406 1640 hominis
421 1583 524 1661 integri
538 1587 637 1644 merita
651 1578 764 1644 fuerunt
777 1587 876 1662 primas
895 1583 1047 1645 creationis
1068 1599 1207 1648 munera3
1229 1577 1281 1637 sed

84 1675 166 1750 juxta
178 1675 296 1734 modurn
306 1677 442 1752 loquendi
455 1681 609 1759 Scripturas
621 1701 719 1750 saoroe,
728 1701 785 1741 non
797 1694 873 1741 recte
884 1691 1021 1740 vocantur
1031 1681 1129 1757 gratia,
1141 1697 1199 1752 quo
1209 1676 1242 1735 tit
1251 1686 1285 1734 ut

86 1780 193 1830 tautum
210 1773 319 1840 merita,
334 1793 392 1832 non
406 1777 490 1835 etiam
505 1779 603 1854 gratia,
618 1777 740 1837 debeant
752 1778 919 1854 nuncupari.

123 1871 154 1925 8.
175 1867 211 1925 Iu
237 1867 393 1947 redemptis
421 1891 472 1948 per
504 1874 622 1950 gratiam
644 1874 754 1931 Christi
775 1873 886 1931 nulium
906 1870 1028 1930 inveniri
1058 1877 1153 1945 potest
1172 1868 1281 1925 bonum

84 1965 229 2030 meritum,
241 1965 318 2036 quod
333 1984 391 2024 non
405 1969 442 2027 sit
452 1970 539 2046 gratis
552 1969 670 2046 indiguo
685 1969 830 2028 collatum.

121 2063 152 2119 9.
175 2059 260 2119 Dona
283 2080 421 2122 concessa
434 2048 546 2124 homini
560 2067 680 2142 integro,
696 2065 726 2123 dr
740 2065 861 2142 Augelo,
877 2064 993 2122 forsitan
1014 2079 1072 2120 non
1092 2057 1279 2136 improbanda

84 2157 203 2227 ratione,
224 2170 345 2236 possunt
368 2161 425 2219 dici
445 2163 543 2238 gratia
564 2160 616 2219 sed
638 2164 705 2235 quia
725 2161 882 2220 secundum
902 2178 987 2218 usum
1008 2175 1097 2215 sacrm
1124 2155 1278 2231 Scripturoe
1309 2160 1315 2165 ’

84 2255 200 2313 nomine
213 2258 310 2333 gratie
324 2266 477 2317 eatantom
492 2277 611 2317 munera
630 2258 835 2335 intelliguntur,
849 2276 913 2330 que
934 2275 986 2334 per
1005 2255 1106 2314 Jesuru
1128 2251 1278 2310 Christum

84 2348 173 2426 malo,
179 2353 353 2411 merentibus
365 2353 395 2411 dr
405 2353 531 2430 indiguis
542 2354 734 2423 conseruntur,
745 2353 811 2414 idco
821 2371 915 2427 neque
928 2352 1038 2420 merita,
1051 2367 1145 2423 neque
1157 2364 1278 2414 merces,

84 2459 146 2516 quae
168 2445 225 2504 iilis
240 2447 375 2515 redditur,
390 2449 479 2525 gratia
492 2448 549 2508 dici
561 2448 654 2508 debet.

124 2543 172 2599 10.
193 2543 304 2602 Solutio
318 2563 410 2621 poenoe
425 2546 599 2622 temporalis,
614 2564 689 2618 qua,
704 2556 821 2621 peccato
842 2544 973 2610 dimisso,
993 2559 1071 2619 saepo
1090 2542 1227 2605 remanet,
1247 2537 1278 2595 dr

84 2636 210 2713 eorporis
223 2639 401 2706 resurrectio,
416 2639 530 2716 proprie
544 2657 602 2697 non
616 2639 671 2696 uisi
686 2639 795 2696 meritis
810 2637 921 2695 Christi
934 2632 1120 2693 adscribenda
1131 2641 1185 2701 cst.

124 2736 172 2790 11.
194 2733 279 2800 Quod
293 2736 339 2811 pie
353 2734 383 2792 dr
393 2736 471 2811 juste
490 2736 520 2794 in
541 2736 595 2794 hac
615 2737 674 2794 vita
693 2735 815 2802 mortaii,
836 2752 928 2806 usque
948 2733 979 2790 in
1001 2732 1088 2790 finem
1107 2724 1277 2791 conversati,

83 2828 169 2886 vitam
191 2831 394 2904 consequimur
408 2842 551 2899 eternam,
566 2831 596 2889 id
616 2850 675 2890 non
695 2832 809 2907 proprie
830 2830 925 2907 gratia
947 2829 1013 2894 Dei,
1034 2826 1087 2884 sed
1106 2820 1278 2889 ordinationi

82 2923 203 2982 naturali
223 2926 318 2984 statim
332 2926 414 2985 initio
428 2928 579 2986 creationis
593 2929 763 2994 constitute,
779 2927 859 3004 justo
873 2924 931 2982 Dei
947 2923 1068 3001 judicio,
1082 2915 1277 2996 deputandum

83 3029 124 3077 est
135 3039 144 3087 3
166 3038 259 3094 neque
274 3021 303 3078 iu
315 3021 369 3080 hac
382 3022 565 3080 retributione
578 3024 718 3081 bonorum
733 3023 769 3081 ad
783 3022 894 3080 Christi
906 3021 1038 3079 meritum
1050 3015 1212 3093 respicitur,
1223 3009 1276 3068 sed
1331 3022 1333 3031 ’

82 3121 189 3173 tautum
214 3115 250 3172 ad
270 3115 392 3191 primam
411 3117 618 3176 institutionem
639 3118 751 3198 generis
772 3117 901 3200 humani,
921 3117 1040 3187 inqua,
1061 3112 1125 3189 lege
1154 3105 1275 3166 naturali

81 3209 264 3268 constitutum
279 3220 331 3279 est,
347 3223 378 3270 ut
393 3212 473 3289 justo
487 3211 543 3270 Dei
559 3213 669 3290 judicio
693 3211 861 3272 obedientiae
883 3209 1080 3270 mandatorum
1102 3206 1157 3263 rita
1171 3212 1275 3261 eterna

81 3304 222 3364 reddatur.
302 3293 304 3297 ’

122 3405 170 3459 12.
192 3401 302 3480 Pelagii
314 3405 456 3463 sentemia
465 3414 529 3473 est3
551 3423 624 3481 opus
639 3406 745 3464 bouum
760 3386 829 3463 citra
843 3406 961 3481 gratiam
982 3404 1143 3479 adoptionis
1157 3400 1273 3465 sactum,

82 3512 138 3555 uon
152 3506 197 3554 est
209 3499 290 3575 regui
304 3497 427 3558 coeiestis
442 3488 628 3559 meritorium.

65 3654 70 3661 ,
121 3597 169 3650 13.
191 3592 289 3669 Opera
300 3596 376 3653 bona
389 3615 405 3654 a
419 3596 486 3653 filiis
500 3594 661 3672 adoptionis
682 3594 765 3670 sacta,
777 3612 836 3667 non
856 3592 1001 3669 accipiunt
1020 3589 1158 3648 rationem
1179 3586 1273 3645 meriti

80 3703 117 3745 ex
129 3706 176 3756 ao,
191 3689 267 3762 quod
279 3689 354 3749 iiunt
367 3710 419 3767 per
431 3692 570 3774 Spiritum
585 3691 747 3768 adoptionis
758 3682 960 3749 inhabitantem
976 3686 1061 3745 corda
1069 3685 1194 3742 filiorum
1205 3680 1273 3747 Dei,

79 3782 131 3842 sed
154 3793 263 3843 tautum
284 3804 322 3845 ex
345 3806 381 3846 eo
394 3788 471 3862 quod
491 3798 558 3847 suut
577 3788 735 3847 conformia
748 3787 821 3864 legi,
842 3784 977 3860 quodque
998 3801 1049 3861 per
1069 3801 1104 3840 ea
1124 3787 1273 3858 praestatur

78 3879 240 3962 obedientia
249 3881 316 3960 legi.
733 3912 736 3916 ·
1186 3874 1189 3881 ’

121 3981 169 4034 14.
192 3976 288 4054 Opera
297 3980 373 4038 bona
380 3980 523 4055 justorum
533 3998 591 4038 non
604 3980 747 4056 accipiunt
757 3980 787 4038 in
799 3977 845 4037 die
854 3976 957 4056 judicii
968 3974 1090 4035 extremi
1103 3970 1272 4048 ampliorem
1344 4024 1347 4028 ,

78 4071 251 4142 mercedem,
263 4092 349 4147 quam
359 4076 439 4152 justo
453 4074 509 4134 Dei
518 4075 630 4152 judicio
644 4089 805 4134 mereantur
817 4075 957 4152 accipere.

121 4172 168 4226 lb.
190 4169 275 4228 Ratio
300 4172 393 4229 meriti
414 4189 472 4229 non
486 4173 616 4230 consistit
636 4161 668 4230 iri
690 4191 736 4238 eo,
748 4171 826 4245 quod
846 4171 895 4244 qui
914 4171 989 4227 bene
1004 4164 1151 4245 operator,
1170 4162 1273 4220 habeat

78 4266 209 4342 gratiam,
224 4267 254 4326 dr
267 4267 469 4327 inhabitantem
485 4269 623 4345 Spiritum
632 4278 761 4326 sanctum
773 4268 854 4337 ;·ssd
875 4268 905 4326 iu
918 4285 955 4324 oo
968 4265 1072 4332 solum,
1086 4260 1163 4336 quod
1176 4256 1273 4319 obedit

79 4359 183 4419 diriore
198 4361 264 4439 legi.
306 4421 309 4426 ,
690 4375 693 4381 ·
786 4424 788 4429 ,
888 4373 899 4383 ‘

120 4459 171 4542 ¹ld.
194 4456 264 4518 Non
277 4466 321 4518 est
334 4476 400 4516 vera
412 4457 485 4545 legis
498 4458 669 4528 obedientia,
684 4476 748 4539 que
761 4457 795 4517 rit
805 4458 868 4517 sine
881 4455 1025 4518 charitats.
