2744 5024
434 89 491 169 rin
512 110 711 172 recurro
733 76 932 175 οιιιοιιιίο.
1140 74 1146 83 ’
1240 124 1282 181 ae
1348 187 1355 203 ,

73 372 147 438 gant
171 372 270 438 aperte
295 362 420 422 Unitarii
442 365 598 424 hodiernis
647 367 815 427 Novissime
838 370 973 429 Albertus
995 370 1163 440 Bs'rnesius,
1189 392 1284 450 praeeo

74 459 327 535 presbyterienus,
343 459 414 519 illud
435 462 558 521 evellere
581 463 700 532 studuit,
716 474 774 523 arto
797 467 917 539 quadam
938 477 968 525 et
986 467 1133 538 industria,
1148 469 1261 527 editis
1253 490 1284 529 ιιι

76 552 234 629 epistolam
247 554 291 613 S.
296 554 381 613 Pauli
392 556 432 633 ad
446 550 595 617 Romanos
615 560 913 631 commentationibus,
929 582 992 636 quae
1012 582 1148 642 magnum
1162 566 1192 624 in
1206 578 1284 625 secta

78 646 279 709 conflaverunt
298 651 475 710 incendium.
517 644 671 712 Profitetur
692 642 810 728 quidem
831 672 863 714 se
875 676 938 716 rem
959 658 1052 736 ipsam
1072 659 1231 729 admittere,
1246 678 1284 719 ex

76 760 137 816 qno
149 744 282 822 peccavit
295 745 388 807 Adam
402 756 491 807 totum
514 747 670 809 humanum
692 769 783 825 genus
798 752 828 810 in
849 756 997 829 peccalum
1011 765 1040 812 et
1061 755 1205 814 interitum
1220 775 1284 833 pro·

76 839 227 916 lapsum·
236 841 289 900 sed
307 842 450 903 theoriam
466 845 572 904 nullam
586 846 622 904 ab
636 847 777 924 Apostolo
791 859 923 907 statutam
938 849 1016 918 dicit,
1032 869 1117 923 aqua
1131 852 1217 927 igitur
1230 862 1284 910 sta·
1350 830 1357 903 ἶ

78 936 185 995 tuenda
197 938 400 998 abstinendum
415 952 468 999 est
511 941 555 1000 Re
570 952 666 1001 tamen
680 961 747 1001 vera
768 944 831 1021 ipse
846 964 927 1003 suam
944 956 1069 1004 mentem
1084 945 1188 1023 prodit,
1203 964 1283 1005 oeca-

77 1031 191 1092 sionem
205 1034 306 1111 lapsus
316 1037 426 1096 caeteris
440 1037 605 1097 bominibus
621 1058 659 1098 ex
670 1039 740 1097 ndae
754 1054 872 1117 peccato
887 1052 988 1111 ortam,
1002 1042 1053 1100 sed
1068 1043 1175 1101 nullam
1187 1061 1285 1103 veram

80 1129 190 1203 peccati
210 1130 315 1189 labem.
357 1132 440 1190 Latet
458 1133 560 1209 anguis
581 1132 611 1191 in
633 1133 738 1203 herbam
762 1135 797 1193 de
815 1136 926 1194 theoria
946 1137 1024 1195 enirn
1045 1137 1192 1195 statuenda
1207 1137 1283 1196 haud

81 1225 181 1301 agitur,
196 1226 251 1284 sed
265 1227 301 1286 de
321 1229 450 1306 reipsa:
472 1241 568 1289 utrum
589 1231 699 1289 scilicet
714 1244 850 1308 peccante
872 1233 994 1302 Adamo,
1009 1235 1136 1293 universi
1150 1235 1283 1293 homines

82 1322 228 1381 constituti
248 1325 306 1383 sint
326 1336 501 1402 peccatores,
522 1327 677 1386 etidcirco
698 1330 782 1387 mo'rti
803 1331 939 1389 obnoxii:
955 1349 1014 1390 non
1035 1331 1128 1390 adhuc
1149 1332 1284 1404 queritur

83 1418 229 1488 quomodo
247 1420 278 1478 id
302 1422 534 1498 contigeritque
555 1423 664 1480 ratione
685 1433 779 1482 reatus
802 1426 850 1483 ille
866 1425 1085 1494 transfundatur,
1101 1444 1193 1499 quave
1208 1426 1282 1485 inre

82 1514 188 1587 peccati
201 1514 291 1593 hujus
304 1527 404 1574 natura
417 1518 455 1574 sit
469 1518 572 1593 posita.
616 1518 677 1575 ilas
694 1521 867 1592 quaestiones
883 1520 918 1578 ad
933 1520 1063 1580 theorice
1077 1521 1197 1597 relegari
1212 1521 1282 1597 pati-

53 1680 69 1687 -
79 1618 139 1666 mur
148 1609 292 1668 libenter:
308 1610 360 1669 sed
369 1611 484 1688 dogma,
495 1610 706 1692 rem,sactum,
716 1623 811 1690 neget,
823 1615 872 1687 qui
884 1614 953 1672 dicit
962 1615 1094 1674 homines
1105 1614 1174 1672 Adeo
1188 1624 1283 1690 poste·

79 1718 121 1787 ¹⁰³.
135 1715 208 1765 tune
221 1708 355 1784 'primum
375 1720 540 1786 peccatores
559 1709 705 1778 constitui,
724 1708 839 1781 quando
860 1709 920 1766 suis
942 1711 1050 1768 actibus
1072 1710 1253 1783 deliquerunt
1261 1714 1283 1777 3⁸

79 1800 237 1885 Apostolus
251 1804 358 1880 quippe
373 1803 457 1863 docet
470 1823 571 1862 omnes
586 1803 656 1862 nde
672 1813 789 1879 peccato
803 1813 968 1881 peccatores
983 1804 1163 1862 constitutos.

110 1905 163 1961 99.
177 1899 256 1958 Vere
265 1899 337 1958 dixit
344 1901 488 1977 Priestley
496 1901 708 1959 Reformatores
715 1901 829 1959 decimo
837 1910 920 1959 sexto
928 1900 1044 1968 saeeulo,
1053 1900 1283 1960 Catholioaedoo·

74 2002 157 2060 trinta
169 1998 208 2056 de
220 1997 322 2056 merito
332 2008 365 2055 ut
374 1999 488 2060 ebriam
500 2000 584 2064 irent,
595 1998 625 2055 in
637 1997 769 2074 dogmate
781 1997 816 2055 de
831 2008 949 2075 peceato
961 1999 1079 2076 originis
1090 1998 1204 2075 longius
1216 2016 1281 2077 pro·

65 2099 217 2170 ςιειεοοο,4
225 2094 397 2167 quumeuim
406 2092 521 2151 doceret
531 2094 664 2153 Ecclesia
672 2096 782 2152 “totum
791 2090 883 2151 Adam
891 2113 942 2171 per
950 2093 1028 2152 illem
1038 2093 1280 2171 prevaricationis'

64 2191 233 2258 offensam,
250 2187 408 2247 secundum
422 2206 528 2264 eorpus
541 2199 571 2246 et
584 2190 709 2247 animam
724 2190 754 2246 in
769 2188 891 2246 deterius
905 2199 1112 2248 commutatum
1133 2190 1222 2248 fuisse
1234 2189 1282 2258 ;”5

60 2279 109 2345 illi
121 2285 261 2364 plerique
270 2284 420 2343 hominem
433 2283 546 2360 lapsum
558 2285 671 2360 penitus
681 2284 861 2357 inquinatum
874 2285 902 2342 in
913 2284 1048 2342 omnibus
1060 2285 1239 2342 facultatibus
1253 2297 1282 2343 et

56 2384 205 2458 partibus
219 2382 322 2439 anime
337 2382 554 2457 etcorporibus‚
566 2392 594 2438 et
605 2383 684 2440 omui
699 2399 816 2458 prorsus
830 2381 907 2439 bono
921 2381 1049 2458 ineptum
1061 2381 1279 2449 contendebant,

56 2491 95 2539 et
115 2481 220 2557 ipsam
233 2478 444 2553 corruptionem
469 2495 582 2535 manere
603 2478 688 2535 etiem
711 2478 741 2534 in
764 2479 879 2544 renatis,
894 2485 923 2534 et
943 2494 1009 2533 esse
1029 2494 1096 2533 vere
1119 2482 1282 2553 peccatum.

57 2571 172 2637 Hace
162 2595 196 2634 ιιι
210 2574 439 2633 confessionibus
454 2573 831 2649 fideiPresbyteriauorum,
845 2573 1048 2648 Baptistarum,
1061 2572 1281 2689 Episcopalian·

55 2680 169 2739 orum,
189 2678 220 2728 et
232 2667 473 2727 Methodistarcm
485 2668 581 2726 adhuc
594 2667 783 2744 reperiuntur.
781 2666 798 2700 ⁸

111 2771 188 2825 100.
211 2766 367 2824 Peccatum
377 2782 508 2841 originis
518 2763 595 2837 quod
608 2762 678 2822 ndae
687 2762 810 2838 posteris
819 2778 972 2819 commune
980 2770 1036 2827 est
1047 2759 1132 2836 longe
1141 2757 1282 2818 differrea

60 2871 197 2937 peccato
211 2860 325 2928 actuali,
340 2859 417 2933 quod
430 2860 542 2918 seilicet
553 2861 678 2933 quisque
693 2857 878 2934 patraverit,
869 2856 1047 2915 inconfesse
1061 2864 1115 2913 est.
1158 2853 1202 2913 De
1217 2854 1280 2932 ejus

106 3012 155 3077 (1)
174 2994 471 3060 immunitum
479 3008 595 3073 narratp.
609 3010 649 3057 ιο.
683 3006 915 3057 νοιιιιιιιιιιιι
926 3005 1081 3070 Μιιωιιιις.

105 3100 148 3160 (2)
166 3101 182 3126 ‘⁴
190 3085 345 3158 'l'be'simple
355 3093 404 3144 fect
420 3093 442 3142 is
453 3093 531 3143 steted
543 3093 595 3143 thot
610 3092 668 3142 thot
680 3092 721 3141 sin
731 3107 783 3140 was
800 3092 912 3141 followed
929 3093 959 3155 by
973 3091 1015 3140 the
1026 3090 1065 3139 sin
1077 3089 1125 3139 and
1137 3088 1194 3139 min
1204 3089 1234 3138 of
1248 3089 1280 3138 all

61 3177 111 3232 ht·
121 3172 268 3246 posterity?
302 3178 410 3239 Prefsce,
422 3176 506 3228 <Notas
517 3186 550 3228 on·
560 3172 665 3242 'Epistle
674 3184 698 3226 to
715 3177 833 3237 Romans,
843 3178 875 3240 by
888 3176 973 3225 Aibert
988 3174 1091 3235 Bernes,
1103 3173 1280 3238 Philodelpbis,

67 3267 152 3316 1884.

107 3350 156 3415 (0)
175 3346 666 3409 leudastendittbusfmsreferring
674 3354 700 3396 to
709 3346 750 3396 the
758 3347 807 3396 feet
814 3347 866 3396 that
874 3360 931 3416 men
940 3344 981 3394 ein
989 3344 1019 3394 r'n
1026 3342 1159 3395 tlet'roten
1165 3358 1279 3410 perrone,

60 3434 115 3486 titt
126 3433 348 3495 thracem-es,
358 3432 454 3495 indeed,
467 3432 525 3483 ltovr
536 3446 585 3484 eust
601 3433 660 3498 they
671 3434 711 3483 sin
722 3433 750 3483 in
766 3448 816 3497 any
828 3432 901 3482 otber·
908 3447 963 3494 wey
971 3430 1067 3479 l-end
1084 3429 1145 3489 thet,
1161 3430 1280 3478 therefore

61 3521 135 3586 they
146 3519 213 3573 die?
244 3521 324 3571 Notos
335 3536 369 3570 on
379 3518 423 3571 tlte
432 3518 528 3584 Epistle
539 3527 565 3570 to
573 3520 615 3571 the
626 3520 743 3579 Βοιιιιιιο,
754 3521 787 3583 by
798 3519 884 3569 Albert
895 3517 997 3576 Beroen
1008 3531 1042 3566 on
1053 3515 1092 3566 cb.
1104 3530 1159 3566 nr.
1173 3517 1213 3564 12.

110 3609 157 3674 (4)
176 3607 244 3657 Hist.v
255 3605 381 3657 Christian
393 3605 505 3656 Choreb.
516 3606 569 3655 vob
575 3604 611 3655 11.-
618 3621 669 3670 per.
680 3605 807 3663 xit-§.tn

110 3692 157 3758 (5)
177 3690 257 3742 Cone.
267 3691 449 3747 lbiddem.
461 3689 733 3754 Decrtdepeccorig«
1332 3740 1336 3749 ¹

111 3777 157 3842 (6)
176 3775 339 3838 Originelsin
355 3777 369 3805 ⁰
389 3776 403 3804 ⁰
423 3777 439 3808 θ
456 3769 812 3835 ietltefaultendcorroption
824 3765 1181 3830 oftlrenetureofeverymsn
1197 3769 1213 3800 ⁸
1231 3769 1243 3797 ⁸
1264 3770 1279 3801 ⁴*

71 3862 127 3913 tud
138 3862 166 3912 in
176 3877 250 3926 every
261 3877 351 3927 person
360 3862 421 3911 born
432 3859 485 3910 into
493 3859 542 3909 this
552 3858 637 3920 world,
649 3858 668 3908 it
679 3855 806 3908 deeemsdr
817 3852 893 3904 God's
904 3851 982 3903 wretlr
993 3851 1043 3901 and
1052 3851 1203 3902 damnation.
1221 3852 1280 3904 And

72 3945 127 3996 tbi·
137 3944 256 3996 infection
267 3946 296 3996 of
308 3952 394 3996 netum
405 3944 466 3995 dotb
475 3944 580 4005 remsin,
588 3959 639 4009 yea-
647 3943 674 3992 in
691 3942 759 3992 them
770 3940 825 3990 thet
840 3954 881 3989 are
897 3935 1076 4000 regeneraret?
1110 3937 1165 3987 Art.
1175 3952 1200 3987 x.
1212 3937 1280 3988 Prot.

73 4028 128 4096 Ep.
160 4030 406 4096 “Bytbissintlrey
422 4032 436 4061 ⁸
455 4031 470 4066 *
486 4032 502 4065 ⁶
518 4023 1084 4088 becamedeadinsin,eudwhollydefiledin
1101 4022 1187 4072 elltbe
1202 4022 1280 4072 facul·

76 4116 125 4166 tiss
134 4117 184 4166 end
200 4124 267 4181 ports
277 4116 306 4167 of
318 4117 373 4166 soul
384 4115 434 4165 end
444 4115 509 4179 body
526 4117 542 4148 ⁸
558 4117 574 4148 θ
593 4117 606 4144 ·
627 4114 703 4162 From
718 4112 769 4162 tbis
787 4111 890 4175 original
906 4109 1053 4174 corruption,
1064 4108 1178 4172 whereby
1188 4123 1227 4157 we
1238 4123 1279 4158 ere

79 4201 167 4265 utterly
178 4200 326 4266 indisposed,
342 4200 457 4260 disabled,
474 4199 523 4249 end
540 4198 611 4249 mede
628 4197 738 4262 opposite
755 4204 781 4247 to
791 4197 824 4246 eil
842 4195 912 4258 good,
924 4193 973 4244 and
985 4193 1076 4256 wholly
1087 4191 1194 4242 inclined
1211 4198 1236 4242 to
1247 4192 1280 4244 all

83 4284 136 4345 evil,
146 4285 291 4350 doproossd
301 4286 426 4335 ellectusl
436 4283 633 4345 bansgrsssione·
650 4317 657 4332 .
674 4316 682 4332 .
699 4316 706 4332 .
722 4281 790 4331 Both
800 4279 964 4331 itselfendsll
974 4277 1279 4333 themotionstbersefare

86 4368 208 4434 mtynt
218 4369 331 4435 properly
343 4366 407 4418 sin.”
441 4366 613 4431 Presbyterian
625 4363 870 4426 Consentaneum
