2744 5024
347 323 403 386 111
426 319 968 386 unueuouu‘urrcnssrnn.
1069 296 1077 308 ”
1208 328 1319 386 an·

63 485 170 551 morte,
189 479 251 537 sine
277 476 382 549 errore,
404 484 467 539 sine
490 481 621 539 molestia
644 480 811 556 perfruatur,
827 481 892 555 quis
913 483 1036 559 cogitare
1060 480 1146 558 digne
1160 479 1270 559 {possit

65 585 116 632 aut
136 575 233 648 eloqui
244 574 290 632 1”1
329 577 410 653 Ergo
431 577 563 634 meritum
587 578 617 634 in
639 577 675 633 iis
696 577 835 652 agnoscit,
856 578 927 650 quin
954 577 1035 636 liberi
1055 578 1113 636 sint
1134 597 1150 634 a
1170 594 1269 635 neces·

67 670 163 727 sitate.

108 767 182 823 466.
203 763 292 842 Resp.
314 763 443 823 Affectus
458 763 506 822 ille
520 763 646 840 optimus
662 782 713 840 per
726 782 759 821 se
773 763 932 823 laudandus
953 775 1008 834 est,
1023 767 1154 841 quamuis
1176 774 1269 824 careat

68 858 295 933 merimmaum,
305 859 453 926 Dcovisc,
463 858 624 916 necessarid
634 860 748 916 oriatur.
764 859 892 918 Felicem
902 859 1066 936 angelorum
1076 861 1268 920 conditionem

70 954 216 1015 celatum
226 955 318 1015 voluit
331 955 518 1031 Augustinus,
535 953 569 1011 de
585 955 693 1012 meritis
707 973 806 1012 eornm
821 972 878 1013 non
893 974 990 1032 agens.

111 1047 184 1109 461.
208 1049 276 1127 obj.
291 1055 320 1107 2.
344 1048 453 1107 Christi
468 1049 599 1107 voluntas
613 1047 648 1106 ad
662 1067 751 1107 unum
762 1049 947 1107 determinata
957 1061 1037 1108 erat:
1059 1051 1201 1109 “Exhoc
1211 1069 1269 1109 non

73 1144 179 1203 amittit
204 1143 373 1211 libertatem,
394 1161 487 1215 neque
509 1145 647 1201 rationem
671 1142 763 1200 laudis
784 1145 845 1201 sire
867 1144 972 1212 meriti,
992 1145 1058 1216 quia
1078 1145 1108 1202 in
1129 1143 1197 1202 illud
1212 1162 1271 1203 non

74 1249 184 1308 coacte,
199 1238 250 1297 sed
269 1249 372 1316 sponte
393 1238 492 1305 tendit,
507 1240 587 1296 etita
606 1248 651 1296 est
671 1248 749 1297 actus
770 1240 816 1296 sui
836 1238 1017 1298 dominus.”⁹
1057 1240 1099 1299 lta
1112 1241 1224 1299 censuit
1237 1241 1270 1298 S.

13 1396 18 1409 ,
75 1334 208 1393 Thomas
227 1333 366 1405 Aquinas.

115 1433 187 1487 462.
208 1425 297 1504 neap.
319 1426 475 1504 Angelicus
489 1425 589 1484 doctor
602 1444 634 1483 se
649 1425 791 1502 explicat:
815 1427 986 1489 “Voluntas
1008 1429 1128 1496 Christi,
1149 1431 1216 1487 licet
1235 1431 1274 1487 sit

76 1523 263 1584 determinata
282 1521 318 1579 ad
330 1523 449 1589 bonum,
464 1541 522 1580 uon
538 1532 631 1580 tamen
645 1533 689 1580 est
699 1521 883 1583 determinata
894 1522 929 1581 ad
944 1523 999 1582 hoc
1014 1524 1058 1582 vel
1071 1525 1139 1582 illud
1153 1525 1272 1582 honum.

43 1653 57 1661 -·
77 1622 118 1680 Et
131 1620 197 1679 ideo
211 1619 334 1696 pertinet
346 1617 381 1675 ad
396 1617 544 1675 Christum
559 1618 664 1694 eligere
678 1637 729 1693 per
749 1619 870 1677 liberum
892 1620 1083 1679 arbitrium.”⁸
1123 1621 1168 1678 De
1182 1630 1273 1678 morte

78 1712 228 1774 subeunda
240 1713 359 1777 liberum
375 1712 496 1769 habebat
509 1712 665 1779 arbitrium,
681 1731 769 1784 quum
784 1714 878 1771 Patris
899 1713 1063 1773 mandatum
1078 1733 1144 1773 eum
1159 1715 1275 1772 haberet

79 1803 316 1868 consentientem.
339 1814 359 1842 ‘⁴
371 1806 527 1882 Propterea
536 1825 582 1864 me
591 1805 683 1882 diligit
696 1807 790 1872 Pater,
806 1808 872 1878 quia
886 1826 940 1884 ego
949 1828 1025 1884 pono
1036 1810 1160 1867 animam
1170 1826 1274 1875 meam,

80 1915 113 1964 ut
124 1894 228 1963 ite'rum
241 1920 353 1960 sumam
368 1920 442 1960 eam.
486 1903 582 1960 Nemo
603 1902 676 1959 tollit
697 1921 760 1960 eam
776 1921 792 1959 a
806 1920 862 1969 me,
878 1904 929 1960 sed
943 1923 997 1980 ego
1012 1924 1087 1981 pono
1109 1923 1171 1962 eam
1187 1923 1203 1961 a
1217 1921 1275 1961 me·

79 2000 156 2076 ipse,
165 2009 194 2057 et
207 2003 377 2075 potestatem
389 1997 480 2055 haheo
490 1995 614 2073 ponendi
625 2015 699 2063 eam,
713 2007 741 2054 et
751 2006 919 2073 potestatem
927 1999 1018 2057 habeo
1030 2000 1130 2057 iterum
1143 1994 1275 2058 sumendi

80 2095 195 2154 ”mum

122 2193 192 2248 463.
218 2187 285 2266 Odj.
301 2191 330 2245 3.
353 2187 391 2244 D.
407 2187 524 2244 Thomu
537 2188 678 2259 Aquinate
693 2185 831 2246 docente:
854 2198 873 2226 “
886 2189 963 2246 Laus
977 2199 1006 2247 et
1018 2191 1190 2266 vituperium
1212 2207 1278 2247 con·

81 2295 242 2360 sequuntur
262 2295 355 2342 actum
380 2285 568 2342 voluntarium
596 2283 753 2343 secundum
777 2285 929 2361 perfectam
953 2287 1103 2345 voluntarii
1128 2288 1288 2355 rationem,-

82 2383 176 2458 qnalis
189 2400 248 2440 non
268 2381 410 2440 invenitur
431 2380 619 2437 in'*hrutis.”⁵
660 2381 739 2457 Ergo
753 2381 859 2440 sufficit
878 2383 1029 2442 voluntarii
1053 2385 1178 2461 perfecta
1198 2385 1278 2451 ratio,

82 2477 162 2553 quod
175 2477 285 2535 scilicet
299 2475 491 2552 “principum
506 2488 583 2532 actus
598 2476 636 2532 sit
649 2477 722 2533 intra
733 2496 798 2535 cum
813 2478 907 2550 aliqua
920 2481 1082 2554 cognitione
1097 2479 1208 2537 linis.'’⁸

125 2579 195 2635 464.
215 2572 305 2650 Rerp.
329 2571 396 2648 lpse
411 2589 443 2628 se
457 2570 580 2644 explicat
598 2571 743 2645 angelicus
764 2570 881 2628 doctor:
905 2582 924 2608 ‘⁶
935 2575 1095 2630 Perfectum
1116 2575 1201 2648 igitur
1214 2593 1280 2649 cog-

84 2672 225 2730 nitionem
239 2669 305 2726 finis
320 2669 448 2740 sequitur
462 2665 653 2723 voluntarium
676 2663 833 2722 secundum
859 2666 996 2723 rationem
1017 2669 1180 2742 perlectam,
1197 2677 1281 2743 prout
1357 2718 1360 2730 .

85 2767 198 2847 scilieet
221 2762 401 2841 apprehenso
426 2763 493 2828 fine,
516 2760 618 2832 aliquis
641 2771 745 2835 potest,
760 2759 917 2842 deliberans
937 2761 972 2819 de
986 2763 1044 2819 fine
1058 2772 1087 2819 et
1107 2762 1142 2820 de
1157 2762 1202 2821 his
1216 2781 1280 2834 quae

85 2860 199 2920 suntad
210 2861 309 2925 linem,
321 2857 430 2915 moveri
442 2857 472 2913 in
481 2856 579 2922 finem,
589 2855 634 2913 vel
646 2873 703 2912 non
713 2854 981 2914 moveri.”⁷—“Ex
994 2857 1049 2914 hoc
1058 2858 1196 2934 contingit
1204 2857 1282 2930 quod

86 2959 177 3017 homo
203 2964 247 3013 est
270 2952 403 3011 dominus
428 2952 474 3009 sui
495 2961 584 3017 actus,
600 2949 675 3023 quod
691 2950 775 3008 habet
791 2949 1021 3010 deliberationem
1038 2952 1073 3010 de
1088 2954 1147 3010 suis
1162 2954 1281 3011 actibus.
1319 2978 1328 2993 ·

86 3052 139 3111 Ex
156 3049 302 3109 hocenim
317 3044 394 3121 quod
417 3047 489 3103 ratio
512 3046 671 3103 deliberans
694 3063 725 3102 se
750 3046 835 3104 habet
862 3046 897 3104 ad
925 3048 1068 3123 opposita,
1093 3048 1223 3106 voluntas
1251 3049 1281 3106 in

87 3157 241 3220 utrumque
255 3142 394 3222 potest.”⁸
682 3136 685 3143 ¹
1008 3202 1018 3223 ,

130 3247 199 3302 465.
225 3240 293 3319 Obj.
307 3243 337 3296 4.
358 3239 441 3297 Licet
464 3237 593 3296 voluntas
616 3239 779 3298 necessario
802 3241 858 3299 sibi
885 3241 1061 3319 complaceat
1087 3243 1117 3300 in
1142 3243 1219 3301 bono
1240 3241 1286 3299 vel

89 3339 178 3406 malo,
200 3346 278 3397 aetus
293 3337 355 3410 eJ'us
370 3333 543 3425 elicitur'q'ui
557 3333 650 3391 bonus
672 3335 718 3392 vel
732 3336 825 3394 malus
840 3347 893 3403 est,
905 3339 989 3413 juxta
1009 3339 1050 3396 rei
1064 3338 1100 3396 de
1124 3357 1180 3412 qua
1195 3340 1288 3416 agitur

89 3446 242 3499 naturam
263 3428 381 3508 proinde
396 3428 544 3505 premium
559 3427 605 3484 vel
620 3445 733 3502 poeuam
748 3439 881 3486 meretur.

129 3531 202 3587 «tue
223 3524 312 3602 Κεφ.
334 3524 516 3594 Ubicumque
531 3521 610 3579 adest
630 3521 796 3586 necessitas,
817 3520 923 3578 tollitur
943 3531 1022 3579 actus
1043 3523 1213 3591 dominium,
1229 3525 1288 3582 ide·

90 3644 169 3703 oque
183 3624 278 3684 omnis
292 3621 386 3680 meriti
400 3620 445 3677 vel
460 3619 550 3694 culpae
565 3619 646 3675 ratio.
687 3617 829 3675 Lubentia
845 3635 908 3689 que
923 3637 939 3674 a
953 3636 1038 3675 cansa
1052 3619 1143 3676 aliena
1158 3619 1288 3695 produci·
1327 3636 1330 3641 ·

90 3739 147 3795 tur,
162 3740 221 3782 non
235 3729 279 3778 est
292 3726 370 3776 actus
385 3713 548 3779 voluntatis,
560 3731 624 3786 que
638 3730 701 3770 eam
721 3713 816 3788 potius
832 3712 888 3789 pati
909 3711 1029 3771 dicenda
1049 3721 1110 3782 est;
1133 3713 1198 3772 ideo
1212 3723 1288 3772 recte

1287 3844 1298 3879 l

310 4020 315 4030 ἱ
395 3961 437 4026 (1)
456 3956 711 4007 L.xii.de.civ.Dei.
1055 4001 1056 4006 ,

332 4038 337 4049 '
395 4043 436 4108 (2)
457 4041 483 4090 S.
494 4040 585 4091 Thom.
601 4041 735 4092 inescat.
745 4040 810 4090 Dist.
823 4042 863 4090 18.
875 4056 916 4106 qn.
927 4043 1001 4093 unica
1012 4043 1136 4094 Antan
1148 4047 1171 4092 5.

396 4127 438 4191 (6)
458 4125 529 4173 Sum.
541 4127 564 4184 3,
575 4140 600 4188 p.
613 4140 654 4187 qu.
668 4128 707 4175 18.
729 4130 774 4176 art.
784 4127 809 4184 4,
820 4124 851 4174 ed
863 4128 886 4173 3.

394 4211 434 4275 (4)
453 4208 560 4258 Joan.1.
575 4211 613 4258 17.
696 4258 706 4274 ,
1008 4261 1012 4270 1

396 4294 438 4359 (5)
458 4292 490 4342 D.
501 4291 619 4347 Themi,
636 4290 659 4341 2.
671 4308 711 4357 qu.
723 4295 746 4341 6.
758 4299 801 4343 art
813 4296 837 4342 2.
849 4291 881 4341 ad
892 4294 916 4340 3.

397 4379 440 4444 (6)
459 4376 630 4440 IbidemResp.

397 4463 439 4527 (7)
458 4461 557 4509 Ibidem

396 4532 433 4608 (6)
451 4543 492 4594 Ad
502 4541 645 4595 secundnm.
727 4567 729 4571 ·
