2730 5018
313 324 370 388 on
392 324 584 388 mannus
603 286 732 386 vanai
752 322 1074 386 nnunatrnoun.
1251 333 1293 388 ss

83 475 211 541 Domini
222 503 261 543 eo
274 503 360 543 sensu
374 486 401 543 ei
415 485 500 543 tribni
511 504 568 545 uon
583 501 686 562 posses
708 492 728 521 ‘⁸
741 483 818 543 Nam
827 502 866 543 ex
876 501 934 557 quo
946 501 1010 541 esse
1022 492 1169 560 ceperunt
1182 484 1212 543 in
1228 504 1291 558 quae

87 586 219 652 potestas
235 579 353 637 Domini
367 590 473 657 ageret,
487 599 525 641 ex
538 580 588 637 iilo
603 599 655 657 per
668 580 863 639 accessionem
878 579 1024 656 potestatis
1038 589 1068 636 et
1088 578 1177 636 sactus
1192 590 1221 636 et
1234 580 1292 639 dic·

88 682 137 728 tus
153 684 199 730 est
213 673 391 751 Dominus;”
412 674 500 749 idque
515 674 602 752 patris
617 686 646 733 et
662 675 769 751 judicis
783 675 929 735 vocabulis
943 674 1073 732 illustrat.
1097 673 1194 733 Placet
1208 676 1293 752 igitur

88 764 153 823 ltaec
167 767 202 824 erl
214 778 356 826 creaturas
371 770 479 838 referri,
491 778 520 827 et
533 770 629 828 Deum
641 789 676 828 eo
687 787 775 828 seusu
786 769 916 847 denegari
932 770 1055 836 Patrem,
1068 788 1125 841 quo
1137 770 1292 847 denegatur

89 860 245 930 Dominus,
260 864 369 922 scilicet
383 864 459 938 qnod
474 879 536 923 antu
551 885 609 923 non
624 866 767 923 extiterint
780 866 842 923 tilii.
885 864 1029 922 Catonum
1047 866 1165 922 uitiosa
1182 882 1250 937 noym
1262 867 1292 924 in

90 956 157 1016 Deo
169 960 224 1017 luit
237 980 361 1038 semper.
402 963 538 1021 Fatemur
552 963 761 1045 Tertullianum
776 963 832 1020 hoc
843 962 915 1021 libro
927 961 1024 1020 dicere
1039 963 1179 1038 Sophiam
1195 974 1290 1022 natam

85 1066 117 1112 et
129 1055 294 1125 conditam
316 1071 489 1134 quapropter
503 1059 639 1117 Petavius
653 1078 720 1119 eum
735 1059 891 1117 Platonicis
913 1059 1057 1135 figmentis
1070 1058 1176 1135 dogma
1190 1059 1290 1116 Chris-

85 1149 199 1207 tianum
214 1153 376 1228 corrupisse
398 1162 516 1220 rerrset3
542 1153 592 1211 sed
612 1153 727 1211 duriora
744 1153 813 1211 lieet
833 1154 891 1211 siut
911 1170 974 1225 qnae
996 1154 1121 1229 protulit.
1136 1154 1291 1230 benignam

82 1264 186 1304 eorum
202 1249 423 1324 explicationem
438 1249 564 1309 dandam
575 1268 736 1317 censemus,
752 1269 839 1322 quum
852 1250 921 1307 alias
936 1250 1064 1308 Verbum
1080 1268 1177 1307 verum
1194 1250 1290 1308 Deum

81 1354 235 1417 agnoscat.
276 1345 348 1409 Quae
365 1346 450 1421 igitur
463 1329 499 1402 tle
521 1346 671 1404 Sermonis
692 1347 773 1403 initio
795 1346 872 1413 dicit,
887 1346 923 1402 de
940 1345 1120 1401 manilestato
1140 1362 1192 1420 per
1213 1363 1291 1403 crea·

82 1439 197 1496 tionem
212 1456 275 1512 noya
299 1440 504 1516 intelligimus3
520 1460 583 1514 qum
598 1440 664 1498 verri
678 1441 713 1498 de
725 1441 853 1516 Sophias,
866 1459 916 1498 seu
932 1440 1072 1506 Rationis,
1086 1441 1114 1497 in
1130 1441 1194 1497 Deo
1209 1441 1290 1498 initio

76 1533 220 1600 affirmat,
236 1533 271 1590 dc
287 1537 427 1611 principio
442 1555 500 1608 quo
514 1556 530 1592 a
545 1537 628 1593 Patre
643 1535 770 1612 procedit
783 1563 796 1594 ο
807 1554 892 1609 noym:
913 1545 935 1572 ⁴⁶
946 1536 1036 1593 Filius
1052 1535 1128 1592 enirn
1143 1546 1290 1603 sermo,et

79 1628 169 1686 Deus
185 1649 299 1687 sermo:
320 1641 350 1689 et
363 1633 430 1709 Ego
444 1644 473 1690 et
487 1634 571 1691 Pater
584 1652 675 1690 unum
689 1632 837 1690 sumus.”²

110 1728 178 1783 '39.
206 1725 271 1804 ooj.
297 1731 342 1784 12.
366 1728 522 1786 Generatio
536 1729 580 1785 vel
597 1729 702 1786 nullam
718 1739 823 1785 certam
837 1726 933 1784 ideam
949 1729 1072 1804 praeben
1089 1729 1134 1786 vel
1148 1747 1211 1786 eam
1226 1747 1289 1801 qnae

74 1821 264 1896 simplicitati
289 1830 317 1878 et
340 1823 451 1897 puritati
465 1820 581 1880 'divinae
607 1835 711 1880 naturae
737 1831 885 1898 repugnat,
900 1831 928 1879 et
947 1823 1071 1890 initium,
1092 1824 1288 1888 mutationem,

78 1917 289 1988 minoremque
302 1918 420 1993 gradum
438 1918 531 1977 infert„

125 2015 179 2077 40.
202 2009 289 2088 Resp.
312 2013 399 2070 Certa
412 2013 528 2085 quidem
543 2014 585 2070 vis
599 2015 628 2072 ei
649 2013 712 2070 roci
733 2013 861 2080 inheret,
877 2031 940 2084 quae
962 2013 1055 2071 Patris
1070 2014 1104 2071 ad
1127 2015 1233 2072 Filium
1248 2031 1290 2070 re·

88 2107 231 2164 {ationem
254 2105 370 2175 indicat,
386 2109 516 2180 quamvis
542 2127 627 2166 nemo
647 2108 808 2165 mortalium
824 2107 914 2164 valeat
930 2125 995 2164 eam
1017 2109 1100 2184 plene
1115 2118 1144 2166 et
1164 2119 1290 2165 accurate

88 2201 262 2277 intelligere.
304 2203 380 2259 Satis
395 2213 439 2260 est
452 2215 483 2260 ut
505 2221 656 2261 noscamus
672 2220 809 2279 personas
823 2201 934 2260 divinas
950 2203 1023 2260 inter
1044 2223 1076 2260 se
1097 2205 1136 2260 ita
1155 2203 1290 2269 discerni,

82 2299 196 2357 ratione
211 2306 305 2354 tamen
320 2298 496 2374 simplicitati
510 2308 539 2356 et
553 2299 720 2376 perfectioni
736 2299 791 2354 Dei
806 2317 943 2374 congrua.
986 2308 1006 2335 ‘⁸
1018 2300 1048 2356 N
1050 2319 1086 2357 on
1102 2299 1165 2356 haec
1180 2299 1290 2357 suntin

87 2394 155 2451 Deo
168 2392 353 2467 corporaliter
373 2393 549 2452 aestimanda.
572 2394 923 2470 »incomprehensibiliter
943 2408 1095 2471 generatur
1119 2395 1222 2461 Filius,
1239 2395 1290 2452 im·

83 2489 262 2566 passibiliter
276 2499 392 2563 generat
406 2490 509 2558 Pater3
531 2500 559 2547 et
573 2500 667 2548 tamen
682 2508 720 2547 ex
733 2508 765 2547 se
779 2491 934 2566 generavit,
950 2501 979 2549 et
992 2502 1056 2549 ante
1078 2510 1194 2549 omnem
1210 2491 1290 2548 intel·

80 2586 192 2643 lectum
208 2585 354 2660 generavit
369 2586 449 2642 Deus
465 2605 547 2643 verus
563 2587 658 2644 Deum
673 2605 781 2644 verum.
785 2586 818 2620 ”⁹

124 2685 175 2737 tt.
199 2681 531 2738 AnonosmconcinitS
546 2683 667 2740 Pnrnus
680 2681 919 2741 Onnusonoous
912 2691 957 2719 ‘⁶
968 2681 1027 2740 Sed
1039 2681 1107 2741 drcrt
1121 2682 1288 2740 haereticus.

77 2773 242 2842 Quomodo
258 2775 390 2843 Pater,
367 2794 392 2831 st
408 2794 464 2833 non
481 2775 634 2851 praecediti
649 2776 793 2849 quomodo
808 2776 951 2844 Filius,
928 2796 953 2835 ει
968 2796 1025 2834 non
1040 2779 1189 2849 sequitur?
1212 2778 1290 2842 Quo·

80 2873 174 2931 modo
188 2870 237 2929 dat
252 2873 364 2930 initium
386 2873 435 2946 qni
449 2875 597 2952 generati¹
626 2874 780 2941 Quomodo
802 2873 889 2946 quod'
904 2885 1062 2950 generatur,
1080 2874 1252 2950 principium
1274 2894 1291 2931 a

76 2980 240 3049 generante
255 2989 311 3028 nnn
326 2971 432 3028 sumiti
475 2971 541 3028 Hoc
556 2972 625 3029 ratio
640 2971 732 3038 docet,
748 2971 803 3028 hoc
818 2979 917 3028 natura
937 2972 1046 3047 probat.
1090 2972 1176 3028 Erras
1201 2972 1289 3028 lraere·

79 3067 158 3124 tice:
184 3065 338 3122 nechabet
361 3067 484 3122 humana
499 3067 587 3133 ratio;
604 3085 661 3122 non
678 3065 732 3122 hoo
753 3065 838 3122 habet
857 3064 974 3122 diuina:
998 3065 1052 3122 hoc
1067 3065 1170 3140 accipit
1193 3075 1291 3122 natura

78 3160 207 3226 mnndi;
231 3159 351 3217 Deitatis
367 3180 425 3217 non
439 3161 540 3236 recipit
555 3162 609 3218 hoc
624 3159 769 3218 natura.”³
810 3160 899 3236 Igitur
910 3180 996 3236 supra
1010 3180 1123 3217 omnem
1139 3180 1200 3216 rem
1214 3180 1290 3217 crea·

78 3268 141 3316 tam
166 3260 305 3318 elevanda
328 3267 373 3315 est
394 3276 485 3323 mens,
500 3276 591 3330 eaque
614 3255 763 3335 cogitanda
782 3269 826 3316 est
846 3258 954 3324 ralatio,
977 3276 1040 3330 quae
1062 3257 1165 3314 divina
1185 3267 1290 3315 naturae

79 3353 164 3422 insit,
181 3374 238 3427 qua
253 3355 342 3411 Filius
342 3371 499 3443 sempera
514 3354 597 3410 Patre
614 3355 749 3443 propedit,
766 3355 866 3412 nullo
859 3354 951 3424 mitio,
965 3353 1040 3409 nulla
1057 3354 1165 3409 mutati«
1167 3372 1224 3418 me,
1238 3352 1288 3409 sed

78 3447 270 3507 ammonente
284 3440 416 3521 quadam
430 3426 589 3504 tttfdir‘u'rr‘l
604 3448 758 3526 Theologi
774 3451 892 3507 ratione
936 3447 1090 3522 Exipsius
1113 3448 1289 3505 Deirevola-

59 3598 62 3602 .
80 3545 165 3601 tione
179 3546 262 3602 nobis
287 3545 449 3610 innotescit,
464 3543 585 3617 ideoque
601 3545 656 3602 fide
677 3547 858 3623 excipienda,
874 3554 902 3602 et
922 3544 1025 3600 humili
1040 3545 1126 3600 animi
1150 3546 1289 3617 obsequio

83 3640 233 3699 adoranda
247 3651 300 3699 est.

124 3742 176 3794 42.
201 3738 309 3797 Mirum
324 3745 368 3793 est
381 3737 472 3793 virum
485 3737 722 3797 Protostanticnrn
743 3736 849 3797 Sluart
863 3737 1012 3794 Christum
1035 3737 1129 3793 Deum
1147 3736 1288 3794 vindicare

81 3832 215 3891 voluisse
229 3842 326 3890 contra
350 3831 522 3908 Clranning,
538 3835 641 3909 rejecta
663 3835 854 3911 generationis
875 3834 1000 3900 notione,
1017 3832 1141 3907 Filiique
1163 3852 1233 3889 voce
1255 3834 1288 3890 ad

80 3928 242 3986 humanam
258 3916 547 3985 naturam‘restricta:
570 3928 619 3985 sed
634 3942 663 3987 et
679 3926 817 3988 Clarkius
833 3930 860 3986 in
873 3926 1095 3992 commentariis,
1111 3927 1225 3998 aliique,
1239 3928 1290 3984 hu·

82 4027 212 4084 manitus
227 4027 371 4101 sapientes
387 4025 490 4101 pariter
501 4027 753 4086 exorbitaverunt*
776 4029 852 4085 Satis
867 4024 1188 4120 felicitertriuoosriuus
1204 4042 1288 4100 gene·

62 4232 64 4241 '
122 4255 159 4313 n)
180 4251 486 4313 nanrremogamntt
583 4303 586 4309 ,

119 4338 157 4393 (2)
178 4336 288 4382 Ambros.
302 4336 318 4384 l.
331 4336 346 4382 i.
359 4335 388 4383 de
400 4335 448 4383 lide
457 4352 478 4384 c.
490 4351 512 4381 v.

121 4421 159 4477 (3)
178 4418 257 4466 Serru.
270 4419 305 4467 lx.

24 4504 31 4511 '
120 4504 159 4563 (t)
177 4503 241 4552 Vide
253 4503 372 4552 “Lctters
383 4512 408 4553 to
428 4505 469 4563 the
490 4505 550 4555 Rev.
563 4505 629 4554 Wm.
648 4505 678 4555 E.
700 4504 835 4568 Channing
851 4507 883 4569 by
904 4506 986 4554 Moses
1004 4503 1095 4562 Stnart
1104 4502 1247 4566 Andovsr,”
1264 4520 1269 4557 t

88 4585 265 4643 Unitarinnism
276 4588 406 4639 examined
417 4590 447 4653 by
461 4589 520 4637 Rcv.
534 4589 653 4652 Antlrony
666 4589 816 4648 Kohlmann,
828 4589 855 4637 S.
866 4589 890 4638 J.
902 4590 949 4637 vol.
961 4587 985 4636 ii.
997 4603 1020 4650 p.
1033 4588 1072 4639 17.

659 4679 696 4732 fill
