2744 5024
78 278 117 334 rs
227 230 254 287 .·
450 275 507 334 un
530 274 602 335 oni
623 273 896 334 vonuuuaun.

76 432 142 492 ideo
156 431 263 490 dictum
277 441 338 491 est:
362 432 434 490 dixit
448 432 475 490 ci
489 431 643 491 Dominus.
685 432 714 491 N
717 452 765 491 am
777 433 802 490 si
818 432 932 510 jubenti
951 433 1179 509 obtemperasset
1199 430 1271 496 Deo,

75 529 234 589 laudandus
249 530 343 606 potius
359 549 444 602 quarn
466 529 628 607 puniendus
642 541 728 598 esset,
743 531 818 589 sicut
830 548 867 588 ex
882 531 936 588 hoe
952 538 1068 607 pecesto
1081 539 1183 606 postea
1195 529 1272 587 novi·
1309 594 1316 611 Ι

76 646 141 686 mus
155 644 220 686 esse
236 626 414 703 punitum.”¹
454 627 496 686 lta
511 627 661 703 praeclarus
675 626 775 684 doctor
787 628 976 704 Augustinus.

117 727 167 782 ³8.
192 722 259 802 obj.
276 728 304 781 3.
329 733 348 759 “
359 722 506 780 induravit
517 722 660 780 Dominus
675 742 724 780 cor
735 722 943 781 Pharaonis.’'’
969 733 989 759 ⁴⁶
1001 721 1081 781 Dicit
1090 723 1170 780 enirn
1180 721 1272 796 Scrip

77 830 139 878 turs
155 820 316 879 Pharaoni:
339 819 407 893 quia
420 821 450 878 in
464 819 520 878 hoc
541 820 637 896 ipsum
651 820 773 877 excitaui
794 829 831 887 te,
847 831 878 877 ιιι
891 818 1039 896 ostendam
1053 816 1085 876 in
1099 827 1127 876 te
1142 817 1272 875 virtutem

77 936 187 977 meam:
204 929 232 976 et
243 927 275 976 ut
287 926 468 977 annuntietur
482 934 589 974 nomen
600 934 697 975 meum
711 917 741 975 iu
755 917 889 975 universo
900 927 982 975 terra.
1023 916 1104 992 Ergo
1119 916 1203 991 cujus
1218 913 1274 970 uult

76 1012 281 1083 miseretur,‘et
302 1034 388 1088 quem
403 1015 464 1072 vult
482 1013 638 1072 indurat.'’⁸
679 1023 698 1049 ‘⁴
709 1013 833 1074 Excaeca
846 1032 896 1072 cor
917 1013 1017 1090 populi
1038 1013 1135 1089 hujus,
1151 1021 1182 1068 et
1194 1027 1273 1068 aures

76 1113 140 1190 ejus
154 1131 286 1189 aggrava,
302 1121 331 1168 et
343 1111 442 1170 oculos
461 1112 525 1188 ejus
539 1109 657 1167 claude:
674 1127 710 1166 ne
723 1109 794 1166 sorte
810 1108 903 1167 videat
924 1109 1014 1168 oculis
1029 1108 1102 1175 suis,
1117 1116 1147 1164 et
1161 1105 1273 1163 auribus

76 1209 138 1265 suis
166 1209 278 1266 audiat:
308 1217 337 1269 et
360 1207 445 1264 corde
470 1225 523 1264 suo
548 1207 695 1283 intelligat,
720 1217 749 1263 et
776 1215 964 1272 convertatur,
992 1214 1021 1262 et
1040 1222 1140 1262 sanem
1166 1202 1276 1261 eum.”⁴

78 1302 205 1369 “Quare
219 1322 311 1361 errare
333 1322 387 1360 nos
401 1303 494 1360 fecisti
516 1303 641 1361 Domine
656 1301 691 1359 de
707 1303 760 1359 viis
775 1303 847 1370 tuis,
870 1301 1008 1359 indurasti
1021 1320 1071 1358 cor
1085 1306 1226 1367 nostrum,
1241 1317 1275 1358 ne

79 1397 244 1456 timeremus
269 1409 295 1456 te
306 1398 354 1455 ³³⁹⁶
403 1400 588 1476 “Propterea
613 1417 671 1456 non
697 1407 827 1474 poterant
850 1397 964 1456 credere
990 1397 1057 1469 qnia
1078 1396 1183 1454 iterum
1205 1394 1277 1453 dixit

59 1555 63 1563 ,
81 1493 190 1553 isaias:
205 1495 369 1554 Exeaeoavit
383 1496 482 1555 oculos
497 1514 607 1562 eorum,
622 1505 651 1552 et
664 1494 805 1552 induravit
818 1514 867 1552 cor
879 1492 1032 1558 eurum.”⁰¹

117 1593 166 1647 39.
187 1588 277 1668 Hesp.
324 1591 526 1649 vehementior
544 1601 589 1648 est
602 1591 650 1647 illa
664 1589 801 1662 loquendi
816 1590 886 1648 ratio
908 1609 964 1662 qua
978 1608 1027 1647 oor
1041 1608 1056 1645 a
1071 1588 1137 1646 Deo
1152 1587 1277 1646 indurari

77 1687 190 1755 dicitur,
206 1687 293 1760 quod,
309 1689 337 1746 in
353 1707 467 1764 poenam
482 1687 667 1765 praecedentis
684 1687 802 1764 peccati,
818 1689 936 1763 gratiam
951 1706 1009 1759 qua
1022 1686 1200 1744 emolliretur
1213 1686 1277 1744 sub

80 1784 174 1853 trahit,
202 1804 269 1844 nam
298 1784 517 1864 “praecedentis
545 1796 590 1841 est
616 1803 701 1860 poena
729 1783 867 1861 peccati,'’
895 1784 935 1840 uti
965 1782 1072 1859 optime
1102 1780 1279 1839 animadver-

79 1880 112 1938 tit
125 1883 303 1959 Augustinus
325 1882 355 1939 in
376 1881 444 1940 illud
463 1881 563 1939 Pauli:
581 1870 766 1952 “quiscum
779 1880 982 1956 cognovissent
1002 1878 1109 1946 Deum,
1125 1897 1184 1936 uon
1205 1878 1280 1935 sicut

78 1977 175 2036 Deum
190 1980 614 2055 glorificaverunt—propter
628 1966 707 2049 qnod
720 1976 833 2034 tradidit
846 1978 910 2035 illos
926 1975 1007 2034 Deus
1021 1977 1051 2034 in
1063 1975 1279 2056 desiderialcor·

78 2073 122 2130 dis
148 2074 297 2131 eorum.”⁷
350 2074 500 2130 Postulont
522 2071 655 2144 equidem
680 2073 735 2129 ah'a
761 2073 917 2150 Scripturae
939 2073 1110 2140 testimonia,
1132 2091 1197 2144 quae
1222 2072 1279 2130 Dei

78 2169 232 2227 bonitatem
247 2179 275 2226 et
289 2169 472 2226 sanctitatem
484 2167 648 2244 praedicant,
661 2179 694 2226 ut
702 2169 799 2227 mitior
813 2170 873 2227 haec
887 2170 1077 2246 interpretatio
1092 2169 1278 2226 adhibeatur:

80 2284 166 2338 quarn
180 2265 262 2323 facile
278 2265 382 2341 patitur
396 2264 546 2322 Hebraicae
564 2265 668 2341 linguae
683 2264 804 2322 indoles.
847 2265 978 2323 Dicimus
993 2265 1078 2342 igitur
1091 2283 1157 2321 cum
1171 2264 1280 2340 insigni
1297 2246 1300 2253 ¹

70 2362 233 2438 'megistum
258 2361 357 2419 “Nou
379 2361 499 2419 obdurat
519 2361 610 2429 Deus,-
633 2362 822 2437 impertiendo
844 2362 992 2429 malitiam,
1018 2360 1069 2418 sed
1091 2379 1149 2419 non
1174 2361 1281 2437 imper·

82 2458 178 2516 tiendo
195 2456 466 2515 misericordiam.’²⁸
507 2457 694 2515 “·Obduratio
708 2456 764 2514 Dei
778 2469 822 2516 est
841 2458 917 2517 nolle
933 2457 1080 2516 misereri:
1104 2475 1157 2515 nec
1171 2457 1208 2532 ab
1231 2457 1280 2515 illo

80 2555 221 2632 irrogatur
243 2554 360 2628 aliquid,
373 2548 433 2628 'quo
447 2555 485 2612 sit
504 2555 592 2612 bomo
613 2553 744 2622 deterior,
760 2555 810 2612 sed
832 2565 939 2613 tantum
962 2574 1020 2628 quo
1039 2555 1078 2612 sit
1098 2555 1200 2612 melior
1220 2572 1281 2612 non

81 2651 258 2730 erogatur.”⁰
299 2653 379 2710 “Sic
393 2626 527 2721 excierat,
543 2653 584 2710 sic
599 2650 718 2709 obdurat
730 2651 820 2719 Deus,
836 2652 1004 2720 deserendo,
1020 2670 1077 2711 non
1097 2651 1279 2727 adjuvando:

78 2751 153 2823 quod
176 2750 288 2810 occulto
306 2751 417 2828 judicio
440 2751 533 2808 facere
555 2759 659 2827 potest,
681 2750 780 2822 iniquo
802 2769 859 2808 uon
875 2749 1027 2826 potest.”¹⁰
1069 2746 1165 2806 “Hoc
1183 2759 1281 2808 autem

79 2849 220 2927 propheta
241 2849 384 2927 proedixit,
401 2849 468 2922 quia
488 2849 568 2906 Deus
583 2848 639 2904 hoc
653 2847 778 2905 sutorum
793 2866 857 2905 esse
879 2847 1031 2923 prescivit.
1074 2846 1168 2912 Quare
1184 2855 1281 2906 autem

31 2965 35 2971 ·
78 2965 137 3004 non
157 2955 297 3022 poterunt,
319 2947 343 3002 si
365 2965 382 3002 a
403 2963 449 3001 me
472 2951 621 3014 quaeratur,
644 2943 699 3000 citb
721 2943 893 3019 respondeo,
915 2944 982 3017 quia
1001 2942 1150 3000 nolebant:
1174 2943 1281 3002 malam

79 3043 186 3117 quippe
208 3059 307 3099 eorum
321 3041 493 3098 voluntatem
515 3042 648 3116 providit
668 3042 758 3108 Deus,
774 3053 802 3098 et
823 3059 873 3116 per
893 3041 1062 3116 prophetam
1077 3040 1282 3116 proenuntiavit

25 3123 27 3128 Ι
80 3137 139 3204 ille,
154 3138 200 3194 cui
215 3135 351 3194 abscondi
365 3135 457 3192 sutura
472 3155 528 3194 non
544 3137 723 3212 possunt.”¹1
752 3137 852 3195 Liceat
866 3135 1069 3194 Roseumiiller
1082 3146 1110 3193 et
1125 3135 1233 3194 Clerici
1250 3139 1282 3194 in

79 3231 236 3292 obdurandi
250 3249 350 3288 uocem
371 3230 631 3290 animadversiones
645 3216 836 3309 subjungere:
860 3243 879 3270 “
891 3232 980 3299 Quod.
989 3232 1036 3290 hic
1051 3230 1115 3288 Deo
1137 3231 1280 3298 tribuitur,

80 3329 109 3388 id
122 3332 191 3395 9,34
207 3327 351 3385 Pharaoni
364 3327 421 3403 ipsi
433 3327 608 3398 adscribitur,
624 3298 696 3426 ᾖε
711 3340 822 3419 Ἶῃι]
835 3330 1038 3401 obduravitque
1052 3346 1103 3386 cor
1116 3347 1200 3386 suum
1216 3329 1281 3404 ipse

80 3457 108 3505 et
122 3446 196 3504 servi
210 3444 335 3522 ejus.’'’·¹⁹
363 3454 382 3480 “
393 3445 533 3522 Apposite
546 3447 677 3507 Clericus
689 3447 724 3506 ad
739 3449 815 3506 hunc
828 3448 942 3506 locum:
957 3479 1039 3492 ——
1049 3445 1129 3503 Deus
1142 3445 1191 3503 hie
1205 3445 1234 3503 id
1247 3464 1281 3503 se

83 3543 222 3604 facturum
237 3542 315 3611 dicit,
331 3541 413 3618 cujus
435 3543 477 3600 rei
491 3545 604 3603 occasio
619 3557 687 3603 erat.
730 3545 814 3603 Misit
836 3545 943 3602 Mosen
957 3542 992 3602 ad
1006 3542 1198 3611 Pharaonem,
1215 3541 1283 3600 Mo·

332 3719 358 3782 l)
379 3718 443 3779 Aug.
460 3718 478 3784 Ι.Ι
487 3718 517 3766 de
528 3719 606 3780 gratia
616 3727 640 3769 et
651 3719 691 3769 lib.
703 3721 752 3769 orb.
764 3735 785 3768 c.
797 3734 840 3768 xx.

314 3802 357 3868 (2)
376 3801 457 3851 Exod.
468 3801 501 3852 ix.
516 3805 555 3852 12.

314 3887 356 3952 (3)
376 3886 446 3937 Rom.
458 3888 492 3937 ix.
506 3890 545 3937 17.

315 3972 357 4036 (4)
377 3970 444 4020 Isaiae
456 3972 489 4020 vi.
495 3975 540 4020 110.

313 4053 356 4118 (5)
378 4053 412 4102 Is.
424 4053 485 4101 lxiii.
499 4055 538 4100 17.

289 4173 291 4178 Α
315 4135 357 4201 (6)
376 4136 448 4187 Joan.
459 4137 502 4186 xii.
515 4139 556 4186 ³9.

313 4220 356 4286 (7)
376 4221 439 4270 Vide
450 4221 542 4283 Auel.
554 4236 577 4271 v.
588 4228 673 4271 eontra
682 4221 774 4272 Julian.
785 4239 806 4272 e.
817 4225 841 4274 3.

331 4308 360 4371 8)
380 4306 429 4371 Dp.
443 4309 500 4366 105,
508 4322 576 4356 nuuc
591 4310 641 4356 194
651 4307 682 4356 ad
694 4307 802 4358 Sixtum.
854 4375 859 4382 ἡ

331 4390 359 4454 ⁹>

315 4477 326 4542 (
345 4479 361 4525 0

316 3716 328 3781 (

318 4307 329 4372 (

275 4481 277 4486 ·
317 4390 328 4454 (
362 4466 647 4540 >Themistou

316 4478 381 4627 (il)¹
393 4558 493 4611 Ibidem.
583 4572 586 4578 ·

315 4628 563 4710 (iap'wsennoun
573 4644 600 4698 iu
611 4642 692 4694 uxor.
703 4642 736 4693 iv.
748 4646 789 4692 at.

378 4387 442 4449 1..1,
454 4389 483 4438 sd
496 4388 646 4453 Simpliciori.
654 4407 696 4455 qu.
708 4395 732 4440 2.
