2730 5018
77 280 138 341 Md
374 271 432 337 DE
453 269 623 337 CHRISTI
643 265 987 367 SATiSFhC'flONE.

80 433 165 494 nobis
178 430 399 505 commendaret,
415 431 549 490 Christus
571 428 693 488 advenit.
716 428 757 487 Ut
769 445 852 486 ruam
865 425 1034 484 missionem
1048 421 1173 501 perfecte
1187 419 1315 515 adm

79 531 179 609 pleret,
194 531 341 607 oportebat
352 547 419 588 sum
432 529 516 596 mori,
532 527 688 604 praesertim
702 536 733 583 ut
746 521 921 601 resurgendo
940 520 1075 581 fiduciam
1089 520 1174 579 nobis
1188 519 1315 611 Q

78 625 206 686 tudinis
198 626 398 702 impertiretur.
439 623 560 682 Mors'
535 641 599 700 epus
612 622 772 680 sacrificum
783 619 859 679 dicta
871 627 925 688 est,
936 618 1047 677 scilicet
1058 635 1122 676 rem
1135 616 1315 710 ingrata*

80 724 230 800 amplexus
243 733 297 790 est,
312 732 343 780 ut
355 720 545 781 conscientias
558 730 669 778 nostras
683 718 859 784 emundaret,
873 735 932 776 non
951 716 1062 794 magma
1076 712 1277 788 quedam
1221 731 1311 800 νὴ,

79 827 149 886 tute,
164 817 215 876 sed
229 818 373 894 exemplo,
388 816 524 883 doctrina,
539 815 649 882 morali,
664 815 706 873 nti
720 813 832 882 dieitur,
847 812 984 870 influxu.²

122 915 189 969 181.
209 909 298 987 Reap.
320 911 455 988 Erigitur
468 909 583 985 quidem
598 909 685 967 animi
707 908 872 985 punitentia
884 915 916 964 ut
930 917 1063 985 peccator
1081 905 1196 962 reniam
1210 923 1279 980 cua,

80 1015 214 1078 sequatur
225 1024 233 1063 ι
249 1023 303 1064 nec
314 1015 409 1063 tamen
421 1004 537 1072 sufficit,
549 1023 635 1079 quum
646 1004 724 1061 uuila
735 1004 799 1079 lege
809 1011 936 1060 teneatur
944 1002 1025 1061 Dens
1036 1000 1174 1059 delictum
1188 1016 1269 1072 semer

81 1098 237 1159 admissum
253 1101 410 1178 ignoscere.
452 1100 540 1158 Venit
562 1100 695 1157 Christus
716 1108 747 1156 ut
767 1107 881 1156 vocaret
902 1106 1065 1174 peccatores
1080 1095 1117 1154 ad
1138 1095 1261 1172 preniten-

80 1197 159 1265 tiam,
174 1198 316 1270 simulque
330 1217 382 1274 spe
396 1198 487 1256 venie
501 1197 670 1274 impelleret,
685 1215 717 1254 se
732 1214 831 1273 poenas
846 1214 944 1255 eorum
959 1195 1021 1253 vioe
1035 1195 1143 1253 luituro
1154 1213 1163 1251 r
1175 1202 1198 1264 ξ*
1208 1193 1258 1257 dare

80 1295 300 1353 animamsuam
314 1294 540 1371 redemptionem
554 1314 606 1371 pro
621 1294 750 1352 multis.”
792 1293 825 1351 si
839 1293 916 1352 nulla
929 1313 1014 1370 poena
1027 1302 1106 1350 esset
1118 1291 1260 1362 subeunda,
1308 1276 1315 1283 ’

80 1388 159 1449 nulla
174 1397 234 1446 erat
253 1389 393 1449 moriendi
414 1391 589 1468 necessitas3
613 1409 676 1463 quae
697 1390 773 1448 enim
794 1390 918 1466 fingitur,
933 1406 1037 1466 nempe
1059 1399 1092 1447 nt
1116 1386 1218 1445 fiducia
1233 1407 1264 1448 er

81 1485 145 1562 ejus
162 1488 367 1545 resurrectione
390 1487 519 1553 oriretur,
534 1487 650 1563 ingenio
671 1487 764 1563 magis
779 1505 865 1559 quam
888 1486 1098 1562 scripturarum
1112 1484 1266 1543 auctoritate

79 1580 187 1639 nititur.
238 1581 319 1639 Mors
341 1581 404 1657 ejus
426 1598 492 1639 rere
515 1579 590 1638 diota
612 1581 862 1650 est-sacrificium,
886 1581 991 1640 oblatio
1016 1599 1073 1653 qua
1097 1579 1192 1637 deleta
1210 1592 1271 1638 sunt

79 1675 179 1734 mundi
201 1687 334 1752 peccata;
356 1696 421 1735 nam
436 1695 499 1750 qum
522 1677 590 1734 alias
612 1696 649 1734 ex
669 1677 809 1754 Apostolo
832 1678 1016 1736 recitavimus
1042 1676 1078 1734 de
1101 1677 1273 1734 conscientia

80 1781 176 1830 nostra
190 1773 327 1849 sanguine
341 1773 404 1849 ejus
418 1771 570 1831 emundata
581 1773 615 1830 ab
630 1775 763 1849 operibus
778 1774 907 1848 mortuis,
921 1792 979 1830 non
993 1768 1029 1831 de
1041 1772 1155 1849 magica
1164 1772 1273 1839 virtute,

80 1867 132 1926 sed
146 1888 199 1928 neo
213 1869 248 1928 de
263 1871 364 1928 morali
377 1879 486 1929 tantum
507 1870 629 1937 influxu,
645 1870 695 1928 sed
710 1871 744 1928 de
767 1871 795 1928 vi
809 1872 903 1947 ipsam
924 1874 1048 1929 animam
1065 1869 1223 1929 mundandi
1242 1871 1275 1928 ab

79 1965 158 2022 omui
173 1975 299 2041 peccato,
314 1974 380 2022 sunt
393 1963 554 2022 necessarii
569 1963 761 2041 intelligenda.

121 2065 188 2118 182.
215 2059 281 2139 ooj.
296 2064 324 2119 3.
347 2060 478 2118 Gratuita
492 2061 600 2136 peccati
615 2061 708 2127 venia,
723 2059 793 2118 adeo
807 2061 836 2119 in
852 2059 1006 2139 Scripturis
1028 2059 1191 2138 praedicata,
1207 2059 1278 2118 tolli·

80 2165 125 2216 tur
138 2159 224 2233 piena
237 2157 428 2217 satisfactione
442 2177 459 2215 a
474 2157 583 2214 Christi
599 2157 751 2215 enhibita.⁹

123 2258 189 2311 188.
210 2252 299 2330 Resp.
316 2253 412 2311 Gratis
427 2263 543 2330 peccata
555 2252 760 2322 condonantur,
773 2255 840 2329 quia
850 2254 928 2313 nullo
939 2256 1096 2334 peccatoris
1108 2255 1184 2313 actui
1196 2256 1315 2322 venis·

80 2348 206 2414 debetur,
229 2366 314 2419 quam
337 2347 558 2406 misericorditer
584 2349 681 2406 tribuit
707 2349 799 2417 Deus,
827 2349 931 2408 intuitu
960 2351 1126 2408 meritorum
1155 2343 1305 2411 Christi-

80 2440 212 2500 Dioimur
225 2443 310 2518 igitur
324 2442 498 2520 “justificati
511 2444 597 2520 gratis
612 2463 663 2520 per
671 2445 788 2520 gratiam
800 2445 892 2521 ipsius
905 2464 955 2523 per
966 2446 1205 2523 redemptionem,
1216 2464 1315 2519 qum

80 2550 124 2599 est
138 2540 167 2598 in
182 2539 299 2597 Christo
313 2539 395 2608 Jesu,
407 2558 492 2613 quem
508 2541 657 2617 proposuit
669 2541 748 2598 Deus
763 2542 993 2620 propitiationem
1009 2543 1158 2621 perfidem
1173 2544 1205 2601 iu
1216 2562 1315 2618 sarr-⁴⁴

80 2636 167 2713 guina
193 2636 296 2712 ipsius,
321 2634 356 2692 ad
373 2635 566 2694 ostensionem
584 2637 701 2712 justitiae
723 2621 801 2705 sirae,
814 2650 930 2716 propter
948 2639 1147 2698 remissionem
1172 2657 1315 2716 praecQ.

80 2729 208 2787 dentium
223 2729 399 2789 delictorum.
440 2729 475 2788 ln
496 2731 699 2788 sustentatione
723 2731 789 2798 Dei,
805 2732 840 2790 ad
862 2734 1055 2791 ostensionem
1074 2735 1196 2810 justitias
1216 2735 1314 2811 ejng

80 2825 111 2883 in
124 2825 180 2883 hoc
195 2835 339 2902 tempore:
362 2836 393 2883 ut
406 2825 443 2882 sit
457 2827 518 2903 ipse
535 2827 642 2902 justus,
655 2838 684 2883 et
692 2827 854 2902 justificans
869 2846 945 2896 euru,
963 2830 1011 2902 qui
1026 2838 1071 2888 est
1085 2848 1122 2887 ex
1137 2829 1195 2887 fide
1206 2830 1294 2900 iesu

81 2922 238 2980 Christi.‘’⁸

122 3023 188 3076 184.
215 3017 281 3096 obj.
304 3022 333 3076 4.
355 3020 552 3078 Satisfaetione
574 3019 678 3077 divinae
694 3021 812 3096 justitiae
827 3042 843 3079 a
859 3020 976 3080 Christo
991 3022 1063 3090 data,
1085 3025 1159 3082 nihil
1179 3043 1273 3101 super.

80 3124 157 3172 esset
177 3115 319 3189 peccatori
339 3115 518 3182 faciendum
542 3114 647 3173 deiide
667 3117 762 3192 igitur,
778 3118 867 3175 aliave
888 3119 987 3191 quavis
1002 3118 1092 3183 venie
1113 3119 1268 3184 conditione

80 3228 196 3286 prorsus
208 3209 359 3266 silendum.
362 3217 375 3246 ⁴

122 3307 189 3359 185.
211 3300 300 3378 Reep
323 3303 412 3360 Plene
435 3303 537 3363 divinae
555 3306 671 3381 justitiae
697 3306 851 3367 aChristo
874 3309 1047 3368 satisfactum
1069 3320 1130 3378 est;
1146 3311 1197 3369 sed
1220 3332 1270 3386 qua

80 3401 187 3460 ratione
209 3399 294 3475 hujus
317 3401 516 3460 satisfactionis
542 3403 673 3464 homines
698 3404 803 3480 singuli
821 3406 891 3464 fiant
912 3408 1074 3485 participes,
1099 3428 1137 3467 ex
1163 3409 1271 3471 Christi

80 3496 221 3554 voluntate
236 3495 354 3553 omnino
375 3497 488 3575 pendet.
530 3499 749 3574 Sapientissimo
773 3500 889 3573 quidem
910 3504 1042 3572 consilio,
1057 3506 1155 3562 statuit
1170 3504 1270 3567 adultis

79 3590 196 3648 rationis
217 3591 395 3666 compotibus
416 3592 514 3661 fidem,
529 3594 734 3669 poenitentiam,
750 3594 878 3670 aliosque
899 3606 978 3655 aetus
998 3603 1176 3658 necessarios
1197 3619 1271 3671 esse,

79 3689 130 3762 qui
144 3696 238 3745 umen
252 3706 311 3745 non
324 3706 376 3744 sua
390 3689 428 3756 vi,
443 3689 493 3747 sed
513 3691 613 3749 virtute
635 3692 781 3768 sanguinis
796 3694 858 3769 ejus
874 3693 967 3753 valent
980 3695 1014 3754 ad
1029 3698 1151 3754 veniam.
1196 3697 1275 3771 Hinc

79 3782 180 3841 meriti
206 3791 326 3858 arguunt
353 3783 497 3862 Theologi
526 3786 708 3845 Oxunienses
735 3806 794 3845 suar
819 3799 903 3848 secta
932 3793 1056 3850 asseclas
1088 3794 1137 3865 qui
1162 3792 1275 3854 Christi

79 3879 301 3940 satisfactionem
322 3881 405 3940 altius
430 3881 593 3962 pradicant,
620 3883 656 3942 de
680 3887 841 3944 necessaria
864 3897 961 3947 nostra
984 3889 1215 3970 mortificatione
1236 3894 1276 3951 si·

78 3977 197 4037 lentes.³

113 4133 125 4200 (
129 4133 156 4199 1)
175 4130 239 4182 vids
250 4132 379 4184 Uniteriou
389 4133 542 4201 Miscellany,
551 4137 599 4186 vol.
611 4137 643 4186 vi.
654 4153 678 4202 p.
689 4139 747 4186 518.

114 4219 156 4285 (2)
176 4217 306 4268 Unitarisn
317 4217 469 4284 mnoeumy,
480 4221 555 4271 vohi.
571 4237 595 4287 p.
607 4224 647 4270 20.

113 4304 156 4370 (3)
176 4304 247 4354 Rom.
258 4304 293 4354 iii.
303 4304 344 4355 24.

112 4389 155 4455 (4)
176 4390 244 4440 Unit.
256 4390 312 4440 Mis.
324 4392 371 4442 rol.
383 4391 408 4442 ii.
418 4407 443 4459 p.
458 4392 495 4442 18.

112 4475 155 4540 (5)
175 4482 189 4507 ¹⁶
197 4477 224 4526 If
236 4477 278 4527 the
289 4477 397 4530 doctrine
407 4479 437 4530 of
448 4479 490 4529 the
500 4484 641 4532 atonement
650 4479 673 4531 is
684 4483 808 4548 couroyed
816 4480 844 4537 fn
855 4484 897 4537 the
908 4487 1049 4554 expression
1060 4488 1089 4541 of
1102 4487 1188 4542 Christ
1198 4492 1278 4545 ornei·

76 4557 131 4620 fied,
143 4575 170 4611 ss
180 4561 241 4613 used
251 4563 284 4626 by
295 4561 334 4622 St,
346 4562 418 4627 Pani,
426 4564 447 4617 it
457 4563 480 4622 ‘u
490 4563 523 4632 hy
533 4565 654 4630 teeching,
665 4574 691 4619 ot
701 4568 743 4620 the
753 4585 820 4621 same
836 4571 902 4636 tima
913 4572 957 4627 tha
970 4575 1091 4643 neeemity
1108 4579 1137 4629 of
1150 4593 1196 4628 our
1212 4593 1279 4630 mor·
