2744 5024
334 276 393 387 uu
412 276 515 345 ausu
536 274 709 341 unarum
726 274 992 343 octrumum,
1205 280 1268 346 ns
1364 258 1367 263 ’

105 439 236 529 mrum
255 412 366 503 im
382 439 531 519 ιιιμιιι,
550 439 629 505 ,aar
646 447 676 497 n
697 436 872 518 areanum
891 434 1046 499 amnem.
1086 439 1218 502 rnna
1230 458 1265 502 κ

102 538 203 599 dmisd
214 548 328 616 tenipus
341 537 489 622 voluit-ut
501 534 663 596 dsuorinte
672 530 828 614 assumptus
842 545 949 595 naturae
963 536 1094 597 humanu
1108 537 1186 598 uuila
1197 558 1269 625 pus·

99 643 193 695 nme
203 634 354 704 dubitatio,
367 638 397 693 st
408 643 492 692 utcu
505 633 594 693 animi
605 633 653 693 sui
666 631 765 692 dolore
778 632 944 710 gravitatem
958 635 1078 710 peccati,
1092 634 1169 708 quod
1180 636 1267 694 tantis

96 733 294 812 suppliciis-emt
305 731 492 812 cupiendum,
503 748 702 791 memus.
744 730 790 790 Ea
803 730 839 789 de
852 747 940 789 eausa
950 732 1043 791 orarit
1054 742 1086 790 ut
1099 733 1173 793 calix
1186 733 1268 793 tolio·

94 832 165 898 utere
178 828 231 905 sed
244 827 373 906 trepidos
382 828 548 888 incertum
560 845 618 886 nou
632 824 696 894 iuit,
709 844 777 885 uam
792 826 885 885 Putris
899 825 1046 897 voluntati,
1058 846 1145 901 quam
1157 830 1270 908 optime

92 912 381 995 uncus-omnino
397 924 540 1003 subjecitr
573 923 799 982 “Veruntamen
817 940 878 982 nun
896 941 963 981 rues
982 924 1129 994 volantes:
1147 925 1199 985 sed
1220 937 1267 986 tua

91 1021 153 1081 ω’
188 1022 227 1081 In
236 1039 327 1081 eruce
339 1021 541 1081 vehementem
553 1018 644 1078 anisii
657 1011 785 1078 dotorem
799 1019 885 1078 mam
894 1018 1070 1097 significarit
1082 1039 1090 1088 ς
1103 1029 1135 1078 et
1152 1021 1267 1081 Patrem

90 1117 251 1197 ppelisndo,
264 1136 298 1177 ss
311 1116 586 1195 nullam-suppliciis
600 1115 716 1174 dedisse
729 1134 847 1175 eausam
867 1116 970 1183 innuit,
985 1125 1017 1175 ut
1035 1127 1153 1194 peecata
1168 1134 1273 1176 sorum

86 1234 184 1287 ,mm
197 1232 266 1276 usse
278 1233 512 1294 agnoscemus.
542 1213 616 1273 Haec
627 1212 750 1288 quidem
756 1214 858 1273 omnia
871 1215 981 1292 optime
994 1214 1149 1284 ooirserent,
1161 1223 1189 1274 et
1201 1233 1270 1276 con·

64 1350 72 1361 -
91 1322 174 1391 prurit
184 1312 329 1390 mysterio
341 1309 548 1388 redemptionis
563 1329 616 1388 par
628 1310 691 1386 eius
705 1310 885 1386 sanguinem.

117 1412 168 1469 117
186 1407 257 1488 obj.
265 1412 316 1467 21.
329 1408 383 1467 llis
393 1407 542 1467 dictinctio
549 1406 670 1465 duorum
679 1407 711 1466 in
722 1405 841 1466 Christo
851 1417 1013 1467 natummm
1025 1408 1124 1466 fictitia
1134 1418 1189 1478 est3
1201 1426 1273 1468 nam

93 1514 170 1563 utura
181 1486 309 1582 perfecte
325 1523 478 1582 personam
492 1501 654 1563 necessarrd
668 1521 767 1561 secum
781 1502 853 1571 sert;
874 1503 946 1562 nihil
959 1504 1037 1562 euim
1057 1504 1134 1562 uliud
1147 1508 1276 1582 por'sons

93 1600 212 1663 'utum
225 1621 311 1678 quam
324 1611 426 1660 natura
438 1600 609 1660 subsistens.
650 1599 741 1678 Igitur
754 1599 812 1660 duo
826 1610 918 1669 erunt,
933 1600 1063 1661 Verbum
1076 1602 1188 1661 scilicet
1199 1601 1271 1661 diri·
1291 1666 1296 1675 ¹

94 1716 154 1769 mn,
165 1710 196 1759 et
207 1699 295 1758 Jcsus
309 1699 419 1758 homor
439 1698 488 1757 rei
499 1693 557 1757 uua
568 1697 640 1756 Jeuu
655 1715 787 1776 persona,
801 1707 832 1756 et
843 1696 943 1756 ustui‘u
955 1697 1093 1767 humana,
1107 1697 1213 1759 divinis
1227 1717 1276 1759 or·

96 1808 143 1866 utta
153 1796 328 1877 mouendus.

124 1898 184 1953 its.
204 1894 298 1973 Reep.
316 1894 474 1953 Distinctio
490 1902 653 1952 naturarum
675 1892 708 1950 in
726 1909 784 1949 una
797 1888 888 1949 Verbi
907 1908 1031 1967 persona
1050 1890 1200 1950 manifeste
1217 1901 1277 1950 sta·

103 1989 207 2049 titurab
221 1990 363 2068 Apostolo
383 1990 508 2060 Josnne,
520 1991 571 2063 qui
591 1986 661 2047 dicit
681 1987 809 2047 Verbum
830 1986 926 2046 Deum
947 2004 1023 2075 esse,
1040 1998 1068 2045 et
1088 1986 1194 2046 sactum
1207 2000 1272 2047 esse

99 2102 206 2156 tuuemr
220 2097 251 2146 at
263 2106 281 2145 a
294 2086 385 2146 Paulo
398 2086 522 2153 dicente,
536 2104 614 2154 eum,
629 2085 725 2160 quiin
739 2083 830 2143 forma
850 2082 908 2142 Dei
921 2094 990 2152 erat,
1004 2083 1124 2143 sormam
1140 2085 1215 2143 servi
1228 2104 1275 2144 ac·

84 2182 197 2259 ¹rapiare.
238 2183 309 2243 Non
321 2183 408 2261 igitur
419 2183 536 2260 ingenio
550 2182 732 2259 confingitur,
748 2181 799 2240 sed
820 2179 994 2255 revelatione
1008 2180 1146 2241 innititur.
1188 2182 1274 2250 Quod

86 2276 171 2338 tren
182 2279 216 2339 ad
231 2298 386 2358 personam
399 2280 509 2348 attinet,
523 2279 766 2352 quotiescumque
775 2287 874 2337 namra
894 2277 1019 2355 perfecta
1032 2279 1170 2348 subsistit,
1185 2280 1224 2338 ita
1243 2294 1277 2340 ut

100 2372 270 2436 medanum
279 2376 467 2454 principium,
477 2394 601 2453 persona
611 2384 676 2444 eutr
688 2375 814 2450 ideoque·
821 2374 949 2435 Verbum
961 2385 1008 2434 est
1015 2377 1141 2436 secunda
1151 2396 1276 2455 persona

102 2467 224 2532 metu
247 2483 376 2532 naturam
402 2473 528 2532 divinam
548 2473 667 2542 habens,
685 2472 737 2530 sed
757 2491 815 2531 non
829 2471 880 2531 'est
907 2491 1030 2550 persona
1052 2474 1186 2544 huruuua,
1208 2472 1282 2550 duis

53 2554 56 2563 ’
102 2562 175 2641 iprum
185 2568 315 2629 Verbum
330 2571 486 2647 assumpsit
496 2570 648 2627 humanam
663 2578 803 2636 naturum,
814 2586 936 2641 eamque
949 2569 1030 2646 regit,
1045 2570 1085 2627 ita
1097 2582 1128 2629 ut
1142 2571 1204 2630 haec
1217 2590 1276 2631 uon

53 2694 55 2701 ·
95 2663 211 2726 —ubriuar
222 2666 462 2744 independenter.
499 2667 546 2726 Dc
560 2667 605 2725 his
619 2676 720 2743 postea
733 2666 824 2724 fusius
838 2683 972 2742 egemus..

53 2800 55 2805 -
107 2780 112 2791 ·
132 2767 187 2823 its.
206 2764 281 2845 viij.
301 2770 352 2824 22.
374 2765 528 2844 Repugnat
541 2774 573 2824 ut
592 2764 669 2823 idem
683 2764 721 2821 sit
741 2763 823 2820 Deus
837 2773 866 2821 et
880 2763 986 2832 homo;
1001 2782 1035 2821 ea
1048 2765 1125 2824 enim
1145 2765 1280 2825 humane

90 2869 186 2923 ,nura
197 2848 370 2940 congruunt,
385 2882 448 2937 quae
462 2863 566 2925 diviuae
588 2862 672 2940 plane
694 2869 864 2937 repugnant,
880 2858 951 2917 adeo
964 2870 996 2918 ut
1016 2860 1087 2918 ratio
1101 2863 1165 2938 ipsa
1178 2863 1278 2922 abhur·

103 2960 306 3023 meroribus
325 2959 403 3037 apud
424 2959 612 3019 Christicolas
634 2957 765 3017 usitatior
787 2955 871 3016 Deus
890 2962 982 3016 nctus
1003 2956 1183 3039 condusam
1196 2958 1284 3041 suit,

69 3046 73 3055 “
104 3046 214 3125 dodi,
229 3061 370 3117 nocuas
383 3061 439 3114 eat.

131 3152 187 3212 tto.
207 3152 302 3232 Resp.
321 3153 412 3212 Nulla
433 3161 478 3212 est
497 3171 603 3231 pugna,
618 3171 685 3212 nam
699 3151 765 3210 ires·
781 3169 839 3211 nou
861 3148 1054 3221 indicuntur,
1069 3163 1101 3211 ut
1116 3163 1278 3215 naturarum

103 3248 265 3324 proprietates
278 3248 511 3317 consummana
528 3247 584 3309 sed·
596 3256 729 3306 manente
744 3247 841 3333 divina
854 3256 954 3306 natura
966 3248 1086 3327 integra,
1101 3251 1277 3328 etpersects‚

101 3336 187 3417 tbtquc
199 3345 322 3404 minima
335 3345 498 3403 mutationis
513 3343 623 3411 umbra,
639 3343 675 3402 de
695 3342 756 3411 illo,
771 3342 822 3416 qui
842 3343 923 3401 Deus
944 3353 997 3412 sat,
1012 3344 1068 3402 elia
1081 3344 1213 3417 dicuutur
1226 3348 1280 3405 sub

103 3432 447 3518 diorespectu,.quatenos
471 3439 628 3517 assumpsit
647 3439 802 3497 humanam
823 3449 962 3498 naturam.
1006 3439 1066 3497 111ae
1086 3440 1174 3518 igitur
1194 3461 1281 3503 voces

102 3529 139 3590 rite
151 3537 297 3597 intellectae
311 3537 353 3595 nil
366 3537 482 3614 habeut,
498 3535 575 3610 quod
588 3536 721 3609 cuiquam
736 3535 847 3593 horrori
860 3552 925 3592 esse
939 3533 1058 3602 debeat3
1081 3554 1133 3593 nec
1148 3539 1225 3597 enirn
1240 3539 1280 3598 di-

101 3626 177 3723 tinum
190 3645 321 3695 naturam
335 3644 474 3712 spectant,
488 3633 540 3693 sed
554 3633 719 3702 humanam,
733 3649 800 3707 quae
815 3630 912 3691 Verbo
925 3632 1041 3709 regitur.
1191 3637 1196 3645 '

131 3733 190 3790 131.
216 3730 285 3811 obj.
299 3735 352 3790 23.
371 3729 792 3798 &cenomannensium
812 3737 841 3787 et
859 3727 1000 3788 mediatio
1020 3729 1139 3800 μεσπὲωι,
1154 3729 1280 3790 divinam

97 3829 209 3886 ¹¹titiraam
224 3826 369 3886 excludit:
391 3826 539 3885 necerim
558 3826 650 3903 potuit
670 3824 726 3882 sibi
739 3816 908 3891 sacrificare,
923 3833 952 3882 et
973 3823 1049 3900 apud
1070 3842 1102 3882 se
1122 3827 1282 3903 interpella.-

94 3912 162 3981 1ὀιιιι
175 3925 225 3982 uti.
268 3923 465 3982 Notutuutem
485 3920 642 4000 Apostolus
657 3938 722 3978 eum
745 3917 911 3977 Sacerdotio
925 3935 961 3976 ex
982 3917 1075 3975 Patris
1095 3922 1282 3981 concessione

90 4003 181 4095 fungi:
205 4027 225 4056 ‘⁶
236 4017 372 4078 Christus
386 4038 444 4079 non
465 4021 654 4096 semetipsum
667 4014 834 4075 clarificavit
846 4024 878 4073 ut
898 4013 1036 4074 Pontifex.
1046 4013 1145 4074 ficret:
1167 4016 1219 4075 sod
1234 4019 1283 4091 qui

86 4095 252 4175 locutusesr
265 4115 301 4174 ad
315 4134 399 4175 eum:
420 4116 513 4175 Filius
528 4134 610 4176 meus
624 4133 656 4173 es
671 4122 711 4184 tu,
726 4131 780 4191 ego
793 4111 886 4172 hodie·
894 4111 981 4191 genui
994 4110 1067 4171 te.”²

134 4215 193 4272 1³2.
214 4212 305 4292 Resp.
327 4214 458 4289 Utroque
472 4232 590 4274 munere
610 4214 724 4272 functus
738 4209 783 4271 est
803 4210 937 4273 Christus
952 4211 1108 4272 secundum
1130 4213 1283 4272 humanam

78 4307 290 4382 e(inditionem,
300 4312 431 4386 quamvis
443 4311 486 4371 vis
499 4319 527 4370 et
537 4309 671 4371 meritum
681 4308 806 4369 adiviua
813 4328 936 4389 persona
946 4308 1086 4369 derivetur
1097 4306 1180 4367 :suun
1190 4317 1288 4370 autern

591 4561 632 4630 (l)
651 4561 750 4616 Heba.
763 4564 787 4612 5.
