2744 5024
403 238 461 301 DE
482 236 680 299 Peconro
702 235 898 297 ORIGINIS.
1212 234 1250 291 tto

78 396 118 456 dis
127 393 304 467 confundere,
319 406 352 454 ut
363 397 476 458 facilius
490 396 595 474 dogma
605 394 764 472 impugnet,
779 393 862 453 nobis
876 387 1094 469 ignoscendum,
1108 388 1168 460 qni,
1182 385 1250 464 dog·

81 503 136 550 nac
154 489 288 558 admisso,
311 490 467 550 discrimen
489 492 671 549 manifestum
694 496 861 566 agnoscunt.
903 487 968 547 Nec
990 485 1057 544 ideo
1078 484 1190 551 frustra,
1206 482 1251 540 vel

84 584 214 662 perniciose
223 586 271 642 *rei
284 586 416 655 dicimur,
432 597 460 644 et
474 585 626 644 credimur.
1103 663 1106 669 ,

114 682 165 736 tta.
188 677 254 758 op:
273 684 320 738 13,
342 681 446 740 Omnis
468 699 581 739 morum
604 679 702 757 regula
723 679 839 748 tollitur,
861 677 958 737 innata
977 685 1006 735 et
1026 675 1104 735 totali
1124 672 1250 734 hominis

89 773 191 850 puritate
208 773 344 832 admissa.

47 856 49 865 ¹
116 873 166 927 113.
184 869 273 946 Jtesp.
298 871 366 928 Non
378 870 460 928 docet
473 870 606 928 Ecclesia
619 879 725 929 tautam
739 879 844 928 nature
856 865 1098 945 depravationem,
1111 885 1167 939 qua
1180 868 1248 925 boni

47 974 52 983 '
91 965 173 1023 notulis
185 965 293 1023 tollitur
303 966 489 1033 facultas,'vel
504 967 617 1024 libertas
631 987 648 1024 a
663 967 739 1024 malo
754 964 931 1032 abstinendi3
947 962 1078 1035 quamvis
1092 962 1180 1020 homo
1193 963 1252 1039 lap·

47 1082 50 1091 ·
91 1078 124 1117 ros
139 1063 172 1118 nil
191 1061 268 1134 quod
284 1048 464 1120 adsalutem
485 1062 625 1120 conducat
638 1061 754 1140 aggredi
778 1062 870 1138 possit
890 1062 997 1132 absque
1018 1059 1113 1134 gratier
1134 1059 1250 1116 auxilio.

47 1184 49 1191 ¹
92 1157 164 1214 llanet
174 1159 256 1234 igitur
270 1177 383 1221 morum
397 1159 504 1234 regula,
521 1159 588 1231 quia
602 1160 665 1235 ipsa
677 1159 755 1216 labes
770 1158 887 1235 originis
902 1163 1052 1233 peccatum
1066 1155 1173 1212 actuale
1194 1173 1267 1235 non.
1326 1174 1348 1217 ·.

47 1266 50 1327 1
91 1251 238 1320 11111111ιί11
253 1254 343 1312 libero
357 1254 510 1311 voluntatis
525 1273 678 1312 consensu.
701 1257 772 1321 Quae
782 1245 1011 1329 Presbyteriaui,
1023 1250 1250 1329 Episcopaliaui‚

47 1340 49 1363 '
91 1346 165 1418 diique
177 1349 293 1406 Sectarii
308 1348 343 1406 de
355 1349 432 1406 totali
447 1349 573 1406 hominis
588 1349 723 1425 pravitate
738 1348 859 1418 tradunt,
871 1369 888 1408 a
901 1348 1035 1427 dogmate
1050 1349 1201 1408 Catholico
1216 1346 1251 1404 de

92 1438 134 1498 tate
144 1443 197 1517 ipsa
211 1443 329 1520 originis
344 1452 412 1500 sunt
425 1444 543 1501 omnino
557 1443 766 1520 distinguenda.

119 1596 325 1656 dumaovansro
339 1616 378 1654 on
393 1598 429 1656 Β.
445 1599 489 1657 Μ.
506 1599 544 1656 V.
559 1617 780 1657 concursione.

47 1750 53 1837 †
121 1753 171 1809 111.
190 1753 312 1813 Decreto
335 1754 369 1812 de
395 1741 511 1830 peccato
535 1755 667 1830 originali
687 1755 836 1829 subjunxit
856 1756 1021 1816 Concilium
1049 1757 1253 1816 Tridentiuum
1279 1722 1293 1835 ’ξ

47 1898 52 1915 ,
93 1843 145 1904 hero
155 1849 365 1909 declarationem
379 1871 386 1908 :
410 1860 429 1887 “
441 1851 574 1908 Declarat
586 1860 682 1908 tamen
695 1851 757 1907 haec
771 1851 837 1926 ipsa
851 1851 883 1908 S.
896 1852 1033 1928 Synodus
1044 1841 1106 1910 'nun
1117 1871 1181 1909 esse
1196 1870 1255 1909 sum
1292 1856 1297 1919 ’ζ

47 1924 52 2091 ᾗ
94 1941 223 2004 lucutionis
238 1947 482 2024 comprehendere
497 1949 526 2004 in
541 1947 598 2003 hoc
612 1945 736 2014 decreto,
752 1946 800 2003 ubi
820 1945 855 2004 de
870 1958 987 2023 peccato
1008 1949 1139 2026 originali
1154 1949 1254 2024 agitur,
1295 1936 1303 1995 ’ἱ

94 2035 173 2099 bocum
185 2053 212 2099 et
225 2043 436 2100 immaculatam
460 2042 609 2118 Virginem
624 2041 748 2098 Mariam
763 2040 819 2099 Dei
834 2043 1018 2118 genitricem
1040 2044 1091 2101 sed
1106 2044 1257 2102 observari·
1306 2089 1309 2093 .

94 2130 190 2195 discsse
204 2139 432 2197 Constitutiones
450 2138 470 2195 f.
486 2157 509 2195 r.
531 2138 621 2214 Xysti
643 2138 730 2213 Papae
744 2138 798 2196 IV.
813 2139 867 2196 sub
887 2140 981 2216 potuis
995 2141 1025 2198 in
1047 2142 1089 2198 eis
1111 2140 1256 2199 Constitu·

95 2228 186 2292 tionibus
199 2237 338 2294 contentis
354 2254 424 2308 quas
437 2234 601 2292 innovat.”¹
619 2234 719 2303 Erioro
731 2235 933 2294 constitutione
944 2238 1080 2295 Pontifex
1094 2237 1257 2295 celebranti·

93 2322 427 2411 bosfestumssconceptionis
438 2329 628 2405 indulgentiae
635 2331 789 2409 glucessiu
798 2333 955 2407 posteriore
967 2332 1257 2400 excommunicationi

93 2422 183 2499 ubjecit
195 2431 242 2502 qui
257 2437 417 2486 assererent
436 2437 591 2498 sequentes
599 2414 784 2493 ,sententiam
801 2427 836 2484 de
858 2431 1045 2506 conceptione
1065 2430 1256 2494 immaculata,
1303 2415 1306 2491 ᾖ

94 2517 125 2574 rel
135 2526 288 2583 contrariam
302 2533 441 2590 tenentes,
456 2524 484 2580 in
499 2521 616 2580 haeresis
626 2522 746 2590 11111111,
761 2523 963 2600 velpeccatum
973 2527 1091 2584 mortale
1103 2526 1255 2583 incurrere..

124 2619 173 2676 141.
193 2622 287 2687 Quum
305 2621 387 2678 nobis
409 2619 573 2694 dogmatum
599 2618 761 2677 defensioni
783 2619 908 2686 intentis,
924 2622 1102 2697 propositum
1116 2622 1153 2678 sit
1168 2639 1258 2693 quaes·
1301 2606 1305 2685 Ι1

94 2707 161 2771 tiones
178 2737 286 2785 umnec,
301 2727 441 2790 quatenus
462 2717 554 2784 liceat,
577 2715 729 2782 declinare,
751 2717 829 2791 piam
850 2717 1031 2783 sententiam,
1053 2736 1140 2788 quarn
1163 2717 1259 2774 animo
1294 2712 1306 2801 ξ

94 2800 202 2882 fovemus,
217 2814 392 2890 argumentis
406 2831 586 2889 propugnare
602 2830 657 2868 non
669 2810 760 2886 juvat.
802 2809 930 2868 Excelsa
943 2809 1110 2868 DeiMatris
1125 2810 1257 2886 dignitas,
1303 2804 1308 2857 Ι1

93 2916 142 2963 11111
152 2907 256 2987 Christi·
265 2909 384 2967 Domini
399 2909 507 2967 honore
529 2909 628 2967 intime
643 2906 805 2982 conjuncta,
820 2915 865 2962 est
889 2905 1006 2977 quidem
1027 2906 1170 2982 praecipua
1189 2907 1260 2964 ratio

93 3003 204 3064 sentiendi
230 3006 395 3063 eam'nulla
418 3022 599 3077 quacumque
624 3002 734 3080 peccati
760 3001 873 3059 macula
895 3001 1036 3060 ullatenus
1062 3001 1258 3075 inquinatam:
1321 3040 1329 3053 ι

94 3087 186 3170 ideoque
200 3120 264 3174 quae
279 3101 435 3176 scripturae
446 3096 477 3158 et
491 3100 590 3158 Patres
605 3098 640 3155 de
655 3097 805 3155 hominum
819 3114 923 3174 genere
938 3099 1074 3155 universo
1088 3098 1209 3168 tradunt,
1224 3098 1259 3156 ad

93 3185 234 3265 lingularem
249 3197 327 3255 illam
344 3196 492 3271 Virginem
508 3213 565 3251 non
580 3211 644 3249 esse
660 3191 816 3250 referenda.
858 3192 907 3249 Sic
928 3193 1106 3268 Augustinus
1128 3193 1200 3252 olim
1218 3193 1276 3275 (ht-
1291 3180 1329 3245 'l'

94 3293 188 3353 uocans
208 3312 307 3370 agens,
321 3293 424 3364 quibus
439 3308 541 3348 omnes
562 3290 709 3365 subjacere
730 3276 1066 3364 contendit,'subjunxit:
1092 3300 1112 3326 “
1126 3291 1260 3366 Excepta

94 3373 173 3444 loeta
186 3389 303 3464 Virgine
318 3388 422 3453 Maria,
437 3387 472 3443 de
488 3405 544 3458 qua
565 3394 681 3460 propter
700 3385 838 3442 honorem
859 3383 989 3451 Domini,
1005 3385 1111 3441 nullam
1133 3405 1267 3460 prorsus,
1310 3443 1316 3467 ,Ι

93 3481 183 3540 ouum
197 3477 318 3560 peccatis
333 3483 434 3558 agitur,
447 3481 544 3538 haberi
559 3480 624 3537 volo
638 3479 836 3551 quaestionem.
877 3477 950 3536 Inde
961 3480 1038 3535 enim
1050 3480 1168 3545 ecimus,
1179 3480 1256 3550 quod
1315 3486 1318 3493 “

93 3567 114 3623 ei
125 3574 175 3647 plus
188 3581 282 3656 gratim
297 3579 430 3636 collatum
445 3578 531 3634 suerit
546 3577 581 3633 ad
597 3574 768 3633 vincendum
783 3572 913 3665 omnitex
931 3585 1009 3650 parte
1025 3584 1182 3648 peccatum,
1198 3593 1261 3646 que
1320 3586 1323 3591 ’

93 3673 217 3749 concipere
233 3696 266 3733 ac
280 3693 379 3750 parere
393 3674 507 3740 meruit,
522 3691 608 3744 quem
621 3676 737 3730 constat
750 3670 861 3728 nullum
874 3666 1010 3726 habuisse
1026 3669 1224 3744 peccatum.’'⁸
1324 3690 1326 3695 ’

125 3769 179 3830 146.
198 3774 236 3831 D.
251 3771 415 3837 Bernardus
429 3769 612 3847 reprehendit
623 3769 786 3825 Canonicoa
800 3765 1008 3842 Lugdunenses
1019 3767 1068 3838 qui
1080 3766 1184 3824 festum
1196 3785 1279 3841 cong
1323 3835 1327 3848 ν

94 3864 207 3934 teotonis
222 3870 364 3927 celebrare
378 3870 549 3943 coeperunt.⁸
575 3867 614 3922 D.
627 3863 758 3919 Thomas
769 3861 898 3932 Aquinas
910 3861 1060 3935 Virginem
1070 3861 1133 3917 labe
1145 3863 1263 3937 originis
1323 3869 1325 3872 ’

95 3947 151 4016 haud
165 3964 314 4022 immunem
330 3964 465 4020 censuit⁴
492 3960 625 4031 Plerique
640 3959 737 4015 Patres
748 3973 807 4011 non
820 3972 884 4010 earn
893 3954 1045 4028 attigerunt
1059 3955 1263 4025 questionemr
1318 4019 1322 4025 ,

96 4049 228 4119 ledomnas
241 4079 358 4138 prorsus
368 4060 500 4115 homines
513 4068 628 4132 peccato
640 4053 758 4128 originis
769 4049 916 4109 adstrictos
924 4048 1066 4119 dixerunt,
1074 4049 1136 4108 solo
1149 4049 1265 4110 Christo

369 4215 411 4280 (1)
431 4213 496 4261 Seas.
509 4215 533 4259 5.
545 4210 575 4260 ad
585 4211 675 4258 calcent
688 4207 830 4257 Ganonum.
903 4258 905 4262 ,

655 4549 691 4608 5*
