2730 5018
125 279 185 336 040
449 275 521 339 'BE
541 276 747 339 Jus'rlr'lm
770 277 1009 341 eMlsszu.

125 450 192 493 nem
207 432 364 492 mittent.”²
404 434 485 513 Ergo
497 436 547 509 qui
561 434 671 513 palmes
685 446 741 505 est,
754 454 820 495 rere
832 434 960 505 Christo,
975 435 1033 495 lide
1045 443 1078 495 et
1097 433 1243 501 charitate,
1254 451 1310 494 son-

123 531 252 609 junctus,
264 549 392 590 arescere
407 542 511 607 potest,
523 533 562 590 ita
576 526 608 592 ut'
617 533 648 590 in
661 533 758 609 ignem
769 532 924 593 mittendus
942 533 989 591 sit.
1049 609 1052 613 ⁴

164 631 231 687 003.
255 628 412 707 Apostolus
426 629 533 688 Paulus
548 628 583 687 de
598 648 630 686 ee
644 631 709 706 ipso
723 628 809 688 dicit:
835 637 854 666 ‘⁴
865 630 985 707 castigo
1000 646 1110 706 corpue
1122 643 1231 693 meum,
1244 634 1270 684 et
1285 628 1310 686 in

99 804 113 815 ..
130 726 296 783 servitutem
308 724 418 803 redigo,
432 744 469 784 nc
482 725 553 784 forte
566 744 632 784 cum
648 727 710 783 aliis
722 725 1012 803 praedicarenmij
1024 725 1168 802 reprobus
1177 720 1315 780 efficierffi
1342 738 1345 743 ·

66 814 100 863 δ’
130 820 324 880 similitudine
334 831 459 880 mutuata
468 821 632 887 abathletis,
643 822 762 881 affirmat
771 840 802 878 se
812 841 915 898 eorpus
925 821 1156 879 afflictationibus
1165 817 1315 893 reprimere,

132 934 170 975 ne
184 926 371 993 posteaquam
386 917 449 975 eliis
464 917 643 976 conditiones
664 937 767 995 pugna
781 929 809 975 et
823 917 940 994 premia
960 917 1170 982 annuntiasset,
1183 913 1244 989 ipse
1256 931 1316 988 pre»

129 1013 189 1071 mio
211 1011 288 1070 baud
302 1010 423 1071 idonens
437 1014 618 1092 reperiretur.
659 1013 693 1072 ld
714 1026 789 1072 certe
815 1013 921 1072 indicat
941 1013 1003 1070 fieri
1020 1012 1164 1089 potuisse,
1177 1018 1209 1066 ut
1222 1008 1315 1069 Paulus

124 1086 194 1187 lpse
215 1107 343 1185 agretia,
353 1108 475 1184 justitia,
490 1119 519 1167 et
532 1109 622 1167 salute
635 1108 790 1177 excideret,
804 1109 859 1166 nisi
874 1106 999 1166 studium
1020 1105 1093 1166 adeo
1111 1105 1235 1182 diligens
1251 1104 1280 1162 is
1290 1121 1316 1162 se

130 1200 275 1263 domando
286 1208 443 1282 posuisset.
1361 1190 1362 1197 ¹

170 1302 238 1356 ³⁰4.
262 1300 371 1359 Galatis
386 1302 538 1379 exprobrat
550 1301 658 1360 Paulus
672 1320 724 1360 eos
738 1321 754 1358 a
765 1303 855 1377 gratia
868 1300 1033 1360 excidieae:
1046 1309 1067 1337 ‘⁸
1077 1297 1221 1359 Evacncti
1233 1297 1316 1356 eruas

132 1391 262 1464 Christo,
276 1396 326 1471 qui
344 1398 375 1455 in
396 1397 460 1473 lege
470 1398 682 1474 justificamini,
704 1418 721 1454 a
741 1399 830 1474 gratia
854 1397 1049 1456 excidistia.”⁸
1088 1395 1136 1456 Dc
1162 1393 1317 1468 quibusdem

132 1490 273 1550 affirmat:
296 1502 316 1530 ‘⁶
326 1494 400 1552 circa
421 1494 508 1553 fidem
522 1493 805 1570 naufragaverunt.’'⁴
843 1494 888 1553 De
898 1494 962 1552 aliis
973 1493 1121 1570 praedicit:
1135 1499 1155 1528 ¹⁴
1168 1490 1198 1548 iu
1211 1490 1319 1549 novissi

133 1588 190 1647 mis
205 1591 381 1666 temporibus
404 1588 551 1648 discedent
565 1589 679 1663 quidam
695 1610 712 1647 e
731 1590 817 1649 lide.⁵
855 1590 900 1648 De
923 1591 958 1647 iis
980 1590 1117 1662 loquitur,
1140 1587 1220 1659 “qui
1242 1585 1320 1643 semel

133 1686 377 1754 sunt¹illunrinati,
391 1687 674 1763 gusuvemnretiam
689 1685 795 1744 donum
810 1687 943 1754 calcator
963 1699 992 1744 et
1005 1685 1159 1763 participes
1180 1682 1248 1741 sacti
1266 1695 1322 1740 suut

132 1784 257 1863 Spiritus
271 1784 449 1852 Sancti-et
461 1783 588 1860 prolapsi
602 1782 714 1840 sunt.”⁰
754 1783 795 1841 lli
809 1782 908 1859 procul
929 1782 1017 1840 dubio
1037 1780 1111 1858 justi
1134 1781 1259 1846 fuerunt,
1273 1777 1321 1836 tide

134 1882 256 1959 prediti,
271 1892 300 1940 et
309 1883 408 1959 gretia
424 1898 511 1954 quem
525 1891 620 1938 tamen
635 1891 734 1958 postea
747 1899 801 1938 sua
813 1880 898 1957 culpa
911 1880 1078 1937 amiserunt.

175 1975 330 2036 Probatur
342 1975 388 2037 II.
400 1995 437 2036 ex
451 1975 606 2035 Patribus.

175 2077 244 2132 000.
255 2074 288 2132 S.
299 2072 475 2132 orreum
484 2072 666 2150 reprehendit
674 2071 782 2150 lapsos,
792 2071 963 2149 gratiamne
973 2070 1089 2148 spoliati
1097 2078 1176 2137 eunt,
1185 2067 1327 2126 amission-

136 2189 184 2231 cnr
192 2189 250 2231 non
258 2171 417 2248 plorantes:
433 2181 453 2209 ⁸⁴
467 2171 514 2230 An
527 2171 729 2248 ingemiscitet
737 2169 856 2247 plangit,
866 2169 912 2227 cni
921 2178 1003 2228 reeat
1012 2168 1120 2226 cultum
1130 2166 1329 2244 pretioseres-

135 2269 173 2326 tis
187 2267 316 2336 induere,
330 2285 425 2342 neque
438 2267 637 2327 indumentum
652 2261 762 2325 Christi
772 2265 850 2340 quod
864 2263 997 2343 perdidit,
1012 2264 1137 2340 cogitare
1147 2261 1194 2318 Μ

176 2369 245 2423 006.
268 2365 300 2422 S.
317 2364 532 2432 Hmnonrrrus,
556 2364 742 2422 lorinianum
769 2362 914 2431 refellens,
942 2363 999 2419 aitt
1031 2360 1095 2418 “Si
1119 2355 1329 2434 susceperimus

136 2459 287 2522 Obrirtum
301 2462 331 2518 in
342 2460 469 2538 bospitio
481 2460 571 2518 nostri
584 2459 720 2536 pectoris,
733 2459 811 2517 illico
825 2459 956 2533 fugamus
971 2450 1116 2515 diabolum
1128 2474 1139 2512 ε
1159 2454 1187 2511 si
1201 2469 1333 2530 peccare·

103 2576 107 2583 ’
139 2558 241 2626 rimus,
253 2567 282 2616 et
295 2576 348 2635 per
357 2557 466 2635 peccati
473 2557 590 2633 januam
605 2556 750 2632 ingressus
762 2552 847 2614 fuerit
860 2553 1000 2623 diabolus,
1015 2554 1093 2612 illico
1107 2551 1249 2610 Obrisnrs
1262 2556 1332 2608 re'ee·

139 2657 190 2716 dit.
219 2652 305 2715 Unde
319 2662 348 2713 et
358 2651 452 2712 David
466 2661 533 2731 post
541 2662 687 2730 peceatum
699 2673 706 2710 :
729 2651 830 2711 Redde
844 2650 927 2719 mihir
941 2651 990 2719 ait,
1001 2650 1126 2709 laetitiam
1142 2647 1278 2707 salutarie
1287 2645 1333 2713 tui,

142 2773 228 2827 quam
241 2751 349 2810 scilicet
359 2748 504 2828 peccando
518 2748 695 2806 amiserat.’'³

181 2857 248 2909 307.
271 2851 485 2907 Accusamus:
508 2846 690 2905 Credendum
718 2855 762 2903 est
786 2845 925 2920 quosdam
944 2843 981 2902 dc
994 2843 1063 2903 liliis
1084 2843 1265 2919 perditionis,
1280 2859 1334 2899 non

140 2959 257 3024 accepto
272 2947 347 3004 dono
362 2943 562 3021 perseverandi
576 2963 667 3016 usque
682 2946 710 3000 in
734 2944 833 3009 finem,
855 2943 884 3000 in
907 2940 963 2998 fide
985 2959 1051 3013 qua
1074 2959 1127 3016 per
1150 2937 1332 2996 dilectionem

139 3056 281 3121 operatur,
302 3041 427 3117 incipere
450 3041 555 3106 rivere,
570 3048 599 3095 et
611 3038 784 3111 aliquamdiu
805 3038 926 3095 fideliter
939 3045 968 3093 et
977 3036 1054 3112 juste
1070 3035 1177 3099 virere,
1193 3044 1223 3090 et
1238 3042 1333 3109 postea

140 3141 252 3206 cadere,
268 3156 360 3211 neque
370 3136 405 3194 de
417 3137 470 3194 hac
484 3137 551 3201 vita,
567 3136 731 3210 prinsquam
748 3136 789 3191 eia
805 3135 832 3192 id
844 3134 990 3209 contingat
1002 3130 1157 3189 auferri.”⁸

180 3241 250 3293 308.
272 3233 482 3291 Acceditretio.
524 3231 664 3287 Abhorret
685 3232 719 3286 ab
740 3231 819 3287 omni
840 3230 952 3305 pietatis
973 3227 1058 3286 sensu
1074 3236 1102 3285 et
1122 3238 1208 3285 rectae
1223 3222 1337 3282 rationis

141 3330 305 3393 dictamine,
320 3336 351 3381 ut
365 3324 460 3381 David
475 3323 604 3381 adulterii
617 3343 693 3391 reue,
709 3334 738 3381 et
751 3325 863 3391 Petrus,
880 3324 999 3381 Christo
1012 3322 1161 3398 denegato,
1173 3320 1248 3396 justi
1256 3319 1337 3377 habe

140 3437 222 3485 antur
233 3428 267 3482 :¹⁰
278 3442 345 3499 ergo
356 3422 495 3499 justitiam
508 3441 593 3495 quam
608 3432 776 3500 acceperant
789 3423 953 3489 amiserunt,
966 3440 1028 3480 eam
1040 3419 1155 3478 nonnisi
1168 3419 1338 3496 prenitentes

96 3555 97 3558 ¹
141 3521 344 3617 recuperaturi.

177 3724 220 3786 (1)
239 3720 311 3768 ioan.
322 3734 355 3768 xv
376 3735 400 3766 v.
412 3721 437 3768 6.

178 3808 221 3871 (2)
242 3809 261 3857 1.
274 3805 331 3854 (lor.
341 3805 373 3854 ix.
386 3807 427 3853 2⁷.

179 3892 221 3955 (3)
242 3890 297 3938 Gal.
309 3905 332 3936 v.
344 3889 368 3935 4.

180 4226 223 4291 (7)
242 4224 317 4272 Tract
335 4222 366 4271 de
377 4223 459 4286 lapsIs.

180 4311 223 4376 (8)
242 4308 272 4357 L.
283 4308 307 4357 ii.
319 4315 403 4356 contra
413 4307 538 4357 lorinian.

179 4398 219 4461 (9)
237 4394 267 4444 L.
279 4394 309 4443 de
321 4392 378 4443 Gor.
389 4401 414 4443 et
424 4400 483 4453 gret.
495 4409 516 4441 c.
528 4394 579 4443 xiii.

178 4482 235 4543 (10)
254 4479 395 4529 Absurdum
404 4479 464 4528 illud
474 4477 759 4529 Proteetantibusmerito
767 4481 849 4545 objicit
857 4481 961 4545 Barrlay
968 4481 995 4529 in
1005 4481 1077 4545 Apol.
1087 4495 1154 4544 prop.
1164 4477 1205 4528 rii.
1213 4485 1228 4540 §
1236 4473 1344 4526 mileto:

144 4565 254 4637 aunon
264 4563 329 4624 who,
340 4563 470 4628 according
487 4571 513 4616 tc
529 4563 571 4615 tho
586 4580 701 4616 common
718 4565 819 4632 opinion
831 4566 859 4614 of
873 4563 1031 4624 Protestants,
1042 4564 1104 4615 bave
1120 4564 1183 4612 been
1200 4561 1346 4618 convertcdt
