2744 5024
449 497 838 583 TRAOTATUS
871 500 928 581 V.
1020 498 1024 504 ’

249 812 385 935 DE
437 817 868 941 CHRISTO
904 819 1138 942 lituu.

427 1223 437 1329 ζ’
501 1254 870 1316 runuocuuur.
961 1307 964 1312 ,

163 1446 181 1499 l.
199 1444 235 1504 Dc
247 1447 311 1505 Deo
325 1456 408 1505 antea
422 1445 622 1514 disseruimus,
638 1458 779 1520 quatenus
793 1467 826 1506 so
840 1468 857 1507 a
876 1448 1041 1526 primordiis
1056 1450 1154 1510 muntii
1169 1451 1292 1544 hgmini·

135 1536 169 1594 bus
180 1542 305 1601 revelavit.
346 1544 410 1602 Eos
422 1543 539 1600 unicum
556 1553 584 1600 et
598 1542 838 1620 perfectissimum
853 1545 954 1605 Moses
968 1547 1119 1620 ceterique
1134 1536 1234 1606 omnes
1248 1566 1292 1613 sae

132 1634 160 1688 cri
171 1638 302 1713 scriptores
317 1640 400 1697 nobis
421 1637 572 1696 colendum
587 1637 708 1696 docent:
731 1639 761 1698 in
776 1659 833 1712 quo
846 1650 941 1699 tamen
955 1651 1011 1698 tres
1025 1660 1172 1717 personas,
1187 1643 1291 1717 quibus

131 1728 202 1789 eadem
213 1747 305 1792 natura
319 1736 358 1791 sit
371 1734 543 1801 communis,
554 1733 679 1821 Patrem,
690 1734 809 1802 scilicet,
822 1735 939 1804 Filium,
949 1745 978 1793 et
991 1735 1129 1812 Spiritum
1143 1738 1291 1804 Sanctum,

130 1823 247 1887 christiana
267 1814 346 1899 tides
363 1817 501 1906 agnoscit.
544 1829 589 1888 De
606 1829 659 1888 hoc
685 1830 834 1906 mysterio,
850 1814 928 1903 quo'd
954 1829 1090 1889 Trinitas
1103 1831 1215 1906 dicitur,
1229 1850 1293 1908 age-

87 1982 90 1990 ,
129 1935 181 1989 nus,
191 1928 210 1983 si
222 1928 298 2003 prius
313 1926 348 1984 de
363 1927 431 1985 Filii
442 1925 589 1983 divinitate
603 1926 837 2003 tractaverimus:
854 1945 942 1999 quum
954 1927 1032 1984 enim
1047 1927 1122 1985 eoin
1136 1945 1220 1988 came
1234 1946 1293 1987 ma·

127 2016 236 2091 nicetam,
250 2025 422 2100 mysterium
443 2022 514 2081 illud
537 2023 639 2081 clarius
662 2024 841 2100 propositum
864 2025 912 2093 sit,
928 2038 962 2082 ea
983 2025 1068 2085 etiam
1092 2025 1234 2101 proecipue
1256 2023 1292 2082 de

124 2125 197 2184 trusa,
209 2131 237 2176 ut
249 2119 436 2195 redemptoris
451 2119 573 2194 dignitas
589 2128 618 2176 et
631 2119 727 2178 officia
740 2120 960 2188 innotescerent,
975 2136 1070 2179 rerum
1085 2120 1156 2180 ordo
1169 2130 1198 2181 et
1210 2120 1292 2181 elari-

122 2211 155 2262 2³s
167 2215 265 2292 exigere
279 2217 401 2284 videtur,
416 2225 447 2273 ut
460 2233 525 2289 quae
540 2214 575 2272 ad
590 2215 687 2292 ipsum
699 2225 830 2294 spectant
843 2218 922 2297 prius
937 2216 1131 2279 discutiantur.

536 2486 539 2492 .
620 2438 766 2472 -Φ-

244 2622 466 2683 HAERESUM
487 2624 544 2682 DE
567 2624 754 2683 CHRISTO
776 2623 927 2682 BREVIS
948 2623 1173 2684 RECENSIO.

100 2891 107 2903 ⁵
141 2813 168 2871 2⁴
192 2818 345 2877 cerinthus
360 2819 429 2894 ipsis
441 2819 603 2876 christianae
616 2817 656 2874 roi
670 2815 808 2882 exordiis,
821 2815 922 2874 Jesum
936 2814 1082 2875 aOhristo
1093 2814 1293 2892 distinguebat,

98 2893 175 2971 cilum
190 2917 286 2974 dicens
302 2918 393 2975 filium
410 2915 583 2973 fabricatoris
598 2914 709 2981 mundi,
725 2931 811 2986 quem
827 2932 942 2972 summo
955 2912 1020 2971 Deo
1035 2913 1119 2989 longe
1131 2914 1294 2973 interiorem
1346 2898 1348 2904 ἲ

96 3004 229 3083 Putab213
252 3015 403 3071 Christum
427 3011 492 3070 verd
508 3013 543 3069 dc
565 3012 759 3088 superioribus
780 3010 963 3068 descendisse
979 3012 1007 3068 in
1021 3010 1176 3077 desumet
1190 3012 1295 3088 impas-

90 3087 207 3168 &bilem
224 3127 436 3186 perseverasse.
479 3117 499 3144 ⁴⁸
512 3107 613 3183 Logon
628 3117 722 3168 autern
739 3126 835 3164 verum
850 3107 941 3164 filium
963 3107 1128 3182 Unigeniti'’
1152 3107 1295 3167 habebut.1

89 3185 111 3215 ‘⁶
122 3191 251 3271 *ioannes
264 3205 383 3265 Domini
399 3204 567 3279 discipulus,
581 3204 680 3261 volens
695 3222 746 3279 per
755 3204 907 3281 Evangelii
921 3203 1169 3262 annunciationem
1184 3205 1293 3262 auferre

82 3288 160 3355 e¹¹11]
177 3303 226 3375 qui
241 3322 257 3359 a
271 3300 413 3358 Cerintho
436 3299 623 3356 inseminatus
645 3310 703 3355 erat
726 3299 889 3356 hominibus
909 3298 1077 3367 errorem‚”²
1091 3299 1127 3356 de
1144 3300 1238 3357 Verbo
1253 3299 1294 3356 di·

81 3374 159 3448 vi¹¹0
173 3417 209 3455 τω
221 3404 293 3474 Λόγῳ
306 3395 439 3452 sublimia
449 3393 572 3452 tradidit.
610 3394 754 3451 Ebionitae
765 3393 867 3451 ,iesum
880 3412 990 3451 merum
1004 3412 1068 3450 esse
1085 3395 1230 3452 hominem
1245 3396 1294 3452 do-

78 3482 223 3552 enar-ung
277 3492 458 3559 Theodotus,
484 3492 664 3567 Byzantinus
686 3491 832 3557 coriarius,
859 3508 934 3547 anno
958 3492 1024 3557 190,
1046 3489 1123 3548 idem
1144 3490 1294 3558 docens‚n

82 3558 214 3648 vieluro
229 3591 368 3667 episcopo
384 3590 515 3647 Romano
529 3587 708 3646 anathemate
722 3605 875 3663 percursus
890 3589 957 3643 est.⁸

122 3680 163 3743 3.
184 3687 303 3755 Paulus,
322 3687 473 3743 Samosata
487 3683 635 3750 oriundus,
651 3684 700 3755 qui
721 3684 897 3741 antiochena
919 3681 1059 3742 Ecclesia
1076 3682 1224 3757 praesectus
1239 3691 1293 3750 est,

77 3770 199 3840 Stercuto
213 3783 295 3840 tertio
308 3781 413 3846 medio,
430 3779 526 3837 docuit
543 3779 667 3836 Verbum
685 3778 714 3834 in
729 3777 799 3834 Jesu
815 3777 951 3843 habitare,
966 3776 1089 3847 indeque
1105 3779 1161 3834 dici
1176 3778 1293 3845 Filium,

81 3869 185 3934 quum
199 3887 279 3936 antea
293 3877 370 3934 nulla
390 3885 466 3932 esset
480 3874 565 3950 hujus
587 3871 777 3929 distinctionis
800 3872 829 3927 in
843 3869 939 3926 divina
954 3880 1052 3925 natura
1066 3869 1138 3924 ratio
1149 3889 1156 3925 r
1168 3869 1293 3929 ,videtur

83 3962 205 4047 ⁸ssllicet
224 3974 349 4031 divinam
377 3971 516 4043 quandam
541 3970 673 4027 virtutem
694 3967 783 4024 Verbi
803 3966 919 4024 nomino
948 3964 1133 4022 intellexisse.
1158 3964 1277 4025 ‘siniti

86 4047 212 4127 fuerunt
225 4070 343 4131 Sabellii
359 4068 472 4148 placita,
495 4066 675 4124 Antiocheno
688 4064 829 4140 synodus,
845 4082 890 4122 an.
901 4067 971 4132 265,
981 4061 1065 4123 Pauli
1079 4077 1203 4120 errorem
1216 4030 1293 4120 dan»
1346 4111 1348 4116 .

363 4250 378 4266 '¹
399 4242 442 4307 (l)
462 4241 569 4291 Ireneus
581 4240 597 4290 1.
605 4239 639 4290 iii.
648 4239 703 4288 adv.
714 4237 772 4289 hur.
783 4255 805 4289 c.
816 4239 852 4290 xi.

392 4328 435 4392 (2)
454 4326 555 4375 Ibidem.
601 4372 610 4378 .

399 4414 436 4475 (a)
454 4410 544 4462 nuno.
557 4408 612 4460 hut
625 4409 642 4458 r.
651 4419 707 4458 aa
718 4412 759 4458 ae.

672 4495 711 4552 7*
