2730 5018
334 275 634 339 {tuomum
655 274 827 336 dutum
849 275 1033 338 NATURA.
1223 276 1283 338 28⁸

76 425 171 488 susm
186 443 341 508 postquam
356 434 447 493 divini
461 433 582 492 subsidii
602 433 802 491 necessitatem
817 432 996 506 aliquatenus
1017 433 1199 502 admiserunt,
1216 434 1285 493 illud

79 519 165 584 liberi
191 529 301 586 arbitrii
323 530 472 613 conatibus
493 528 578 587 tribui
597 538 627 585 et
648 527 745 585 deberi
765 527 974 586 contenderint.
1030 527 1183 586 Caelestius
1210 529 1286 588 dice·

84 615 150 677 but:
173 622 264 680 “Dei
289 624 378 701 gratis
401 624 560 683 secundum
586 624 686 681 merita
706 635 804 681 nostra
816 624 907 682 datur.
949 624 1024 690 Quia
1043 624 1070 681 si
1091 626 1284 700 peccatoribus

90 710 168 773 beu·
190 717 269 776 illam
285 717 342 786 dot,
357 710 547 777 videturesse
562 718 710 792 iniquus.’'
732 757 740 775 .
763 759 772 775 .
793 752 802 775 0
825 727 844 754 ‘⁶
855 719 1010 793 Propterea
1023 728 1052 777 et
1064 719 1129 794 ipss
1147 720 1237 795 gratia
1256 720 1286 776 in

93 826 153 869 mss
163 812 310 871 voluntate
324 815 417 889 posita
430 823 485 881 est,
498 814 560 871 sire
574 813 678 888 dignus
698 813 808 880 fierem,
823 814 885 869 sive
906 812 1088 890 indignus.”¹
1128 813 1287 890 Semipels·

97 903 166 982 gimi
186 905 343 965 fatebantur
365 909 482 984 gratiam
505 907 838 989 aliquandopraeveuire
861 925 947 966 omne
970 907 1119 968 hominum
1141 910 1284 976 meritum,

99 996 241 1071 diqueudo
255 1019 322 1059 vero
336 1001 405 1059 illud
416 1003 556 1082 ‘subsequi
570 1003 794 1068 existimabant,¹¹
806 1001 874 1058 licet
895 1010 916 1037 ‘⁸
925 1002 1104 1077 petitionem,
1117 1011 1146 1060 et
1165 1003 1286 1077 inquisi-

101 1093 205 1161 tionem,
219 1105 251 1152 et
263 1097 451 1171 pulsationem
466 1115 523 1155 non
537 1082 601 1154 esse
615 1097 867 1179 condignam,nisi
881 1097 1075 1155 misericordia
1088 1098 1145 1156 Dei
1159 1097 1189 1155 id
1208 1096 1286 1171 quod

101 1189 212 1268 petimus
227 1191 384 1260 dederit,”⁸
396 1192 474 1262 baud
486 1193 669 1269 denegarent.
711 1193 775 1250 Hos
789 1202 907 1250 conatus
928 1194 1080 1260 naturales,
1094 1213 1131 1251 ex
1152 1194 1285 1267 aequitate

100 1284 220 1360 quadam,
236 1288 363 1346 obtinere
376 1290 537 1347 necessaris
550 1289 645 1365 gratie
660 1287 788 1346 subsidia
801 1287 872 1345 sslsb
888 1287 1033 1362 putabant.
1098 1320 1105 1325 -
1152 1337 1154 1341 .

127 1383 177 1437 85.
198 1381 337 1456 Synodus
352 1382 552 1458 Diospolitans
565 1383 714 1459 Pelagium
723 1383 818 1457 coegit
830 1382 959 1439 confiteri
972 1391 992 1418 ‘⁴
1003 1383 1120 1458 gratiam
1136 1382 1192 1440 Dei
1215 1422 1223 1438 .
1245 1423 1253 1440 .
1277 1424 1285 1440 .

97 1491 145 1532 rou
158 1473 220 1531 dari
234 1475 391 1534 secundnm
408 1477 508 1534 merita
520 1475 664 1534 nostra.'’⁴
704 1475 842 1552 Synudus
863 1477 1037 1534 Arausicans
1050 1477 1103 1540 11..
1116 1476 1151 1534 ad
1171 1477 1286 1552 penitus

96 1568 270 1628 evellendum
290 1589 425 1636 errorem,
440 1570 517 1629 hunc
532 1571 595 1628 tulit
614 1589 774 1628 canonem:
794 1571 860 1626 “Si
874 1571 940 1642 quis
959 1571 1022 1628 sine
1043 1571 1132 1646 grstia
1152 1570 1209 1628 Dei
1229 1588 1288 1628 cre·

93 1662 232 1732 dentibus,
248 1665 418 1732 volentibus,
439 1665 676 1732 desiderantibus,
697 1652 875 1731 conantibus,
889 1653 1090 1732 laborantibus,
1107 1665 1287 1740 vigilantibus

92 1759 279 1828 studentibus,
295 1762 468 1837 petentibus,
480 1762 682 1834 querentibus,
698 1760 877 1837 pulsantibus
890 1761 973 1817 nobis
985 1761 1207 1818 misericordiam
1220 1760 1289 1817 dicit

91 1853 211 1912 conferri
224 1855 361 1912 divinitus
374 1876 382 1922 ;
399 1875 456 1913 non
471 1865 565 1914 autem
580 1866 611 1912 ut
624 1856 783 1920 credamus,
799 1854 932 1920 uelimus,
947 1854 992 1911 rel
1012 1854 1075 1911 hec
1087 1855 1194 1920 omnia,
1214 1854 1293 1912 sicut

91 1958 210 2024 oportet,
236 1968 320 2025 agere
334 1950 488 2019 valeamus,
513 1969 565 2026 per
579 1951 753 2007 infusionem
768 1957 797 2005 et
810 1948 1026 2023 inspirationem
1041 1947 1165 2024 Spiritus
1190 1949 1288 2006 Sancti

47 2120 51 2129 .
94 2044 216 2102 innubis
227 2047 293 2103 fieri
307 2047 474 2113 confitetur5
496 2057 586 2103 etant
600 2045 750 2102 humilitati
765 2055 812 2100 aut
822 2043 990 2100 obedientiae
1001 2044 1131 2101 humanae
1143 2045 1289 2121 subjungit

47 2152 51 2179 ¹
95 2140 184 2214 gratim
199 2140 382 2217 adjutorium,
397 2159 451 2198 nec
465 2151 496 2198 ut
504 2140 669 2197 obedientes
683 2137 848 2196 ethumiles
860 2138 962 2205 simus,
972 2139 1064 2214 ipsius
1073 2139 1168 2213 gratiae
1181 2139 1288 2197 donum

53 2220 57 2227 ’
98 2249 155 2291 esse
168 2236 310 2292 consentit
322 2254 332 2302 3
345 2235 452 2292 resistit
463 2235 602 2311 Apostolo
615 2233 737 2290 dicenti:
754 2243 763 2268 ⁶
774 2232 850 2298 Quid
862 2233 951 2290 habes
963 2232 1040 2304 quod
1051 2252 1108 2291 non
1120 2235 1256 2310 accepisti
1266 2234 1287 2290 l’

47 2348 50 2361 ·
99 2337 135 2384 et:
155 2312 167 2364 '⁶
181 2327 280 2386 Gratia
295 2328 352 2385 Dei
365 2347 428 2386 sum
443 2329 473 2386 id
488 2328 564 2402 quod
579 2327 711 2384 sum.'¹’⁵
752 2328 812 2385 Sub
832 2329 920 2386 linem
935 2325 1062 2384 addidit:
1085 2329 1186 2403 “Hos
1204 2331 1290 2388 etism

100 2421 240 2481 sulubriter
252 2423 418 2498 profitemur
431 2431 461 2480 et
471 2423 625 2490 credimus,
641 2421 717 2494 quod
732 2422 761 2479 in
783 2422 862 2480 omui
877 2439 964 2497 opere
979 2422 1054 2479 bono
1067 2440 1125 2480 nou
1146 2441 1199 2480 nos
1221 2425 1290 2481 inci·

96 2518 196 2592 pimus,
209 2528 240 2583 et
254 2528 353 2593 postes
367 2537 419 2594 per
431 2518 487 2575 Dei
503 2517 730 2576 misericordiam
744 2517 931 2593 adjuvamur:
952 2515 1004 2572 sed
1018 2517 1082 2591 ipso
1092 2518 1185 2584 nobis,
1203 2519 1289 2576 nullis

92 2614 315 2688 precedentibus
329 2615 413 2672 bonis
428 2615 547 2681 meritis,
563 2625 591 2673 et
605 2614 701 2681 fidem,
718 2625 745 2671 et
760 2632 887 2670 amorem
901 2613 946 2669 sui
967 2613 1045 2687 prius
1066 2614 1193 2688 inspiret,
1209 2626 1241 2671 ut
1261 2627 1290 2671 et
1300 2609 1311 2653 ἶ

90 2709 225 2786 baptismi
246 2723 423 2768 sacramenta
442 2710 564 2768 fideliter
577 2712 765 2783 requiramus,
781 2720 808 2766 et
829 2720 895 2784 post
914 2707 1087 2782 baptismum
1109 2727 1175 2767 cum
1196 2709 1289 2785 ipsius

87 2805 231 2883 adjutorio
244 2826 280 2864 ea
292 2825 356 2879 quae
370 2807 425 2864 sibi
440 2816 508 2864 sunt
521 2804 624 2882 pldoita
639 2807 758 2881 implere
780 2801 972 2880 possimus.’'⁰
1273 2797 1275 2806 '

130 2905 179 2959 Sd.
201 2901 275 2967 Qum
288 2920 325 2959 ex
340 2902 480 2979 Apostolo
494 2900 671 2959 laudavimus
686 2901 847 2957 testimonia
867 2899 987 2974 probant
1006 2897 1122 2972 gratiam
1146 2917 1204 2957 uon
1223 2917 1289 2957 esse

88 3014 129 3054 ex
142 2996 287 3072 operibus,
301 2996 352 3052 sed
367 2991 487 3072 gratuitd
508 3014 625 3071 prorsus
639 2995 710 3060 dari,
725 3012 761 3050 ex
776 2993 837 3050 sola
859 2992 914 3049 Dei
936 2989 1148 3049 misericordias
1172 2991 1290 3067 “Igitur

92 3090 296 3163 nocumentis,
311 3109 405 3163 neque
426 3091 574 3158 currentis,
600 3090 650 3148 sed
671 3090 832 3148 miserentis
848 3101 892 3146 est
912 3086 1015 3145 Dei.”⁷
1056 3086 1119 3142 “Si
1139 3086 1291 3163 propterea

95 3189 179 3266 gratia
192 3188 267 3256 est,”
280 3189 373 3260 inquit
387 3188 575 3263 Augustinus,
597 3196 616 3222 “
629 3188 696 3259 quia
711 3187 797 3263 gratis
812 3189 882 3243 est:
903 3184 976 3245 nihil
990 3198 1069 3241 tuum
1083 3186 1238 3259 precessit,
1261 3197 1292 3242 ut

95 3285 247 3362 acciperes.
289 3271 366 3342 Nam
381 3285 406 3341 si
420 3284 514 3356 eliqua
528 3283 602 3341 bona
614 3301 702 3358 opera
717 3293 763 3340 tua
778 3288 994 3358 precesserunt,
1010 3280 1131 3355 pretium
1143 3281 1290 3355 accepisti,

96 3399 151 3440 non
170 3382 276 3458 gratis3
299 3381 421 3457 pretium
443 3390 536 3436 autem
562 3378 638 3451 quod
660 3379 741 3435 nobis
763 3377 891 3442 debetur,
913 3376 1088 3451 supplicium
1110 3389 1163 3433 est.
1206 3377 1301 3442 Quod.

95 3493 160 3554 ergo
172 3477 336 3543 liberamur,
351 3493 410 3533 non
424 3474 528 3531 nostris
542 3474 662 3546 meritis,
675 3472 725 3529 sed
747 3472 823 3528 illius
838 3471 926 3546 gratia
940 3469 1031 3526 est.”⁸
1070 3469 1161 3545 lgitur
1180 3472 1290 3529 nullum

94 3591 209 3652 prorsus
225 3573 368 3637 meritum,
383 3589 418 3629 ne
432 3569 549 3643 quidem
565 3569 599 3627 de
613 3585 756 3644 congruo,
771 3576 802 3623 ut
816 3567 904 3631 aiunt}
917 3564 1026 3620 scilicet
1040 3581 1076 3620 ex
1088 3565 1210 3635 quadam
1223 3585 1293 3624 con·
1320 3646 1322 3651 Ι

393 3782 431 3838 (l)
449 3775 514 3828 Vide
525 3777 589 3843 apud
601 3776 668 3838 Aug.
679 3777 694 3825 l.
705 3775 735 3824 de
746 3767 820 3837 gestis
832 3773 913 3833 Pelng.
925 3787 946 3820 c.
954 3769 1004 3819 xiv.

393 3866 431 3924 (2)
449 3863 562 3913 Arandu-
570 3862 596 3911 it
605 3878 626 3910 c.
638 3862 689 3910 viii.

362 4002 365 4007 ¹
393 3951 430 4008 (3)
450 3948 584 3998 Cassianus
595 3947 661 3996 trit
673 3947 703 3994 de
711 3945 790 3994 Instit.
801 3941 930 3992 coenobior.
940 3956 961 3990 c.
973 3939 1023 3988 xis.

395 4035 433 4094 (4)
452 4033 482 4082 Ο.
494 4034 543 4082 xiv.
555 4035 598 4082 col.
612 4032 706 4090 l2ll,t
724 4031 740 4078 i.
759 4028 833 4079 Hand.

395 4121 432 4166 {bt
452 4118 513 4181 Cap.
525 4118 558 4165 vi.
567 4118 612 4167 col.
626 4117 700 4164 1099.
711 4122 727 4164 t
738 4112 764 4165 ii.
776 4111 854 4162 Hurd.

397 4206 434 4266 (6)
453 4202 484 4251 C.
496 4218 554 4250 xxv.
766 4206 769 4211 '

394 4293 432 4348 (t)
449 4289 520 4338 Rom.
533 4288 566 4336 ix.
581 4288 618 4334 lb

394 4378 431 4437 ts)
449 4359 536 4424 suan.
548 4373 574 4422 u
585 4370 730 4423 rursus.
