2730 5018
347 298 407 365 DE
427 302 583 365 TRIBUS
601 302 649 365 IN
672 303 759 365 DEO
779 303 995 365 rsusouts.
1226 302 1282 368 tte

111 454 185 517 lod.
207 457 376 519 utem
388 462 627 519 mussantes
640 459 712 518 dicit
733 461 917 519 invisibilem
928 472 957 519 et
977 461 1156 520 imminutam
1178 462 1279 521 Trini-

76 562 166 613 tatem
180 557 211 614 iu
226 558 366 616 unitatum
379 556 496 633 colligi:
515 559 567 611 ian
576 562 621 623 μὲν
631 556 745 625 insessis
754 574 784 611 ss
801 574 848 625 rra
857 560 947 625 spuis
956 574 1003 627 sne
1016 556 1121 611 Meet·
1129 560 1280 625 mma-opu

75 646 435 722 ildesemiensi&
451 651 661 721 nieuw*
679 658 714 714 e.
733 654 1163 724 ‹nmmum-¹
1204 657 1286 716 “Sic

79 745 196 819 quidem
209 767 264 807 noe
278 749 484 807 indivisibilem
499 749 646 807 Unitatem
661 748 693 805 in
706 748 878 806 'l'riuitatem
892 749 1051 819 dilatamus,
1066 764 1095 809 et
1107 752 1280 811 Trinitatem

81 842 192 909 iterum,
206 861 272 915 quie
286 844 420 902 imminui
434 843 544 916 nequit,
559 843 589 901 in
605 843 755 900 Unitatsm
770 843 998 901 contrahimus.”

120 939 190 995 tut.
210 937 244 994 S.
260 937 438 997 Gunuams
457 937 720 1004 Tmunruaous,
747 937 778 995 in
799 937 904 994 celebri
928 936 995 996 tidsi
1010 937 1193 999 confessione
1214 960 1279 1014 quse

87 1030 216 1109 diuinitus
230 1032 333 1090 tradita
345 1032 444 1098 ternu,
455 1032 632 1108 singularum
647 1050 834 1108 personarum
844 1031 977 1090 deitatem
990 1033 1134 1108 predicat,
1145 1037 1283 1095 unitatem

87 1126 146 1185 ssrd
160 1128 313 1185 essentie:
336 1129 497 1188 “Trinitas
510 1120 636 1203 perleeta
649 1147 713 1200 qure
727 1129 817 1203 gloria
830 1137 859 1184 et
871 1129 1036 1195 eternitate,
1048 1150 1081 1188 ao
1095 1149 1185 1208 regno
1199 1143 1287 1205 atque

93 1220 206 1296 imperio
220 1230 285 1280 uon·
291 1221 440 1289 dividitur,
453 1238 549 1293 neque
571 1222 755 1281 abalienatur.
797 1222 867 1279 Non
890 1223 975 1298 igitur
993 1236 1119 1283 ereetum
1133 1226 1215 1298 quid,
1240 1238 1289 1284 aut

35 1310 42 1345 ’-
97 1333 206 1375 ervum
220 1318 251 1374 in
265 1317 428 1377 'I'rinitatez
449 1336 544 1389 neque
557 1317 825 1392 superinductitium
839 1318 946 1390 aliquid
957 1329 987 1376 et
999 1318 1195 1387 adventitium,
1208 1322 1289 1394 quusi

39 1424 48 1435 ·
94 1411 162 1487 psius
175 1429 236 1469 non
249 1411 389 1478 sxmtens,
403 1411 547 1488 posterius
567 1410 635 1469 rard
655 1411 822 1469 adveniens.
865 1412 934 1469 Non
953 1430 1024 1488 ergo
1037 1412 1127 1470 deluit
1152 1432 1288 1487 umquam

95 1495 392 1579 moerentesque
412 1505 489 1564 Filio
502 1506 648 1582 Spiritus;
668 1506 721 1563 sed
744 1507 929 1564 immutabilis
944 1518 973 1563 et
992 1508 1165 1567 invariabilis
1185 1509 1285 1568 eadem

95 1616 198 1675 semper
211 1612 310 1659 manet
325 1600 486 1659 'l'riuitan''
506 1600 596 1670 nidum
607 1601 681 1669 τριὰς
691 1602 756 1655 iit-⁸

35 1675 64 1713 λ’
127 1700 195 1755 tue.
217 1696 276 1755 His
290 1696 457 1757 domestiois
470 1696 539 1755 ndei
553 1708 669 1754 vetustae
683 1698 802 1754 testibus
816 1697 940 1755 alienum
955 1697 1058 1755 addere
1072 1699 1165 1757 lineat
1195 1701 1285 1759 Extat

35 1815 37 1821 ·
93 1792 214 1869 dialogus
228 1788 417 1871 Plilsputris
430 1793 533 1860 dietus,
549 1793 600 1866 qui
620 1793 758 1858 Lucieno,
774 1795 824 1865 qui
838 1811 913 1850 anno
938 1797 994 1851 170
1015 1794 1119 1863 floruit,
1137 1806 1185 1853 aut
1207 1796 1287 1854 alteri

90 1886 217 1963 scriptori
231 1900 339 1955 soevo,
352 1907 370 1944 a
383 1887 539 1964 plerisque,
553 1906 572 1944 a
584 1887 759 1944 nonnemine
773 1887 882 1943 auctori
907 1886 1010 1961 prioris
1025 1889 1114 1945 astaus
1134 1889 1285 1961 tribuitur3

55 1982 58 1993 '
86 1984 184 2055 inquo
200 1981 434 2041 Christianorum
447 1982 530 2049 fides,
544 1981 614 2041 dum
629 1982 767 2049 irridetur,
782 1983 945 2057 exponitur.
967 1982 1111 2057 Tripbon,
1127 1983 1286 2045 Christiani

84 2062 242 2155 pemunam
255 2079 413 2146 sustinens,
429 2077 646 2135 Cateebumeno
663 2096 700 2135 ex
714 2078 897 2135 Ethnioismo
919 2078 1065 2148 quaerenti
1085 2096 1144 2150 quo
1164 2080 1281 2139 nomine

83 2172 136 2229 sibi
149 2173 182 2229 in
197 2183 345 2249 posterum
356 2173 521 2250 jurandum,
533 2173 702 2249 respondet:
720 2174 939 2241 ereptionem.
949 2172 1290 2243 pinvsdtsdomnsooe'm

82 2271 130 2321 triu
141 2263 246 2336 πατρὸς.
254 2273 388 2336 meupodx
399 2273 491 2336 nospes
506 2266 776 2337 1κηορευόμενον,ἑνέκ
793 2266 872 2335 spisse,
882 2269 925 2320 sul
936 2267 961 2329 ἐξ
972 2267 1021 2330 ἑνὸς
1031 2267 1096 2337 spt'u,
1113 2271 1198 2324 suurn
1206 2272 1289 2339 νὸμιζι

82 2348 152 2421 lips,
163 2356 210 2407 riv
221 2354 248 2406 δέ
265 2356 311 2423 ἦγέ
329 2356 396 2407 esen:
418 2363 438 2390 ‘⁶
451 2354 547 2411 Deum
562 2353 619 2411 alte
632 2363 807 2430 regnantem,
823 2371 969 2429 magnum,
981 2354 1182 2421 immortalem,
1194 2357 1291 2414 seles·

85 2460 153 2516 mm,
169 2449 281 2507 Filium
295 2450 400 2517 Patris,
413 2449 553 2526 Spiritum
567 2467 605 2507 ex
621 2450 703 2507 Patre
717 2447 929 2525 procedentem,
944 2468 1033 2508 uuum
1045 2468 1082 2508 ex
1097 2451 1196 2517 tribus,
1211 2463 1291 2511 etex

86 2562 144 2603 uuo
160 2544 228 2603 tria.
272 2544 344 2603 Haee
357 2544 503 2603 mJovern
529 2555 607 2621 puta,
622 2544 699 2603 buno
719 2544 853 2602 existima
876 2543 1022 2603 Deum.”⁸
1061 2546 1203 2603 Ethnious
1225 2560 1292 2625 post

86 2641 182 2715 Qua
194 2642 320 2719 regerit:
339 2647 384 2696 ὀνκ
395 2645 452 2696 iun
461 2639 489 2696 τί
499 2642 582 2710 timor
601 2647 626 2696 ἓν
638 2638 705 2710 τρία,
715 2639 823 2710 noers
846 2649 869 2677 ‘⁶
882 2641 950 2699 Non
965 2641 1092 2717 intelligo
1107 2643 1176 2714 quid
1190 2643 1287 2712 diseat

87 2756 177 2795 unum
193 2738 258 2805 tria,
274 2738 327 2795 tria
349 2736 473 2797 unum.'’
513 2737 604 2796 Filius
618 2748 647 2795 et
671 2737 805 2813 Spiritus,
821 2755 858 2794 ex
882 2736 1024 2793 sententia
1046 2736 1286 2807 Christianorum,

86 2832 172 2908 plane
184 2833 369 2900 exhibentur,
379 2833 512 2891 omnibus
523 2833 630 2893 summi
639 2833 776 2891 Numinis
791 2831 1010 2908 perfectionibus
1025 2830 1144 2907 prediti,
1158 2843 1186 2889 st
1199 2851 1289 2892 unum

87 2946 154 2986 eum
169 2927 268 2986 Patre.

487 3116 686 3159 omentorum
710 3115 893 3157 nudemus.

131 3278 203 3335 109.
228 3273 342 3353 Obj.1.
364 3272 513 3331 Infirmum
528 3282 573 3329 est
595 3281 792 3349 argumentum
807 3291 844 3330 ex
867 3272 1000 3349 baptismi
1020 3272 1140 3332 formula
1155 3272 1291 3352 desump-

89 3382 159 3440 tum,
170 3388 242 3430 uam
256 3369 409 3435 Dominus,
424 3375 453 3424 et
467 3366 598 3433 Gedeon,
612 3365 757 3425 Dominus
772 3378 801 3424 et
815 3368 948 3443 Moyses,
963 3370 993 3426 in
1007 3368 1161 3444 seripturis
1173 3371 1292 3446 cunjun-

63 3532 66 3537 ,
91 3477 207 3543 guntur,
222 3466 292 3539 quin
307 3482 389 3542 pares
404 3463 480 3520 sint:
503 3463 589 3520 nimis
604 3472 697 3520 autem
712 3462 820 3539 puerile
836 3473 929 3520 estex
944 3463 1080 3539 singulari
1095 3482 1214 3522 numero
1230 3476 1249 3502 ¹⁶
1261 3467 1290 3525 in

91 3561 233 3620 nomine”
248 3563 333 3621 unius
348 3570 454 3617 nature
468 3557 574 3616 divinae
588 3557 737 3615 desumere
751 3567 959 3634 argumentum.
996 3557 1079 3617 Nihil
1091 3558 1206 3631 quidem
1216 3561 1292 3619 aliud

93 3657 231 3715 Christus
255 3675 289 3714 ea
312 3653 449 3729 loquendi
472 3654 581 3712 ratione
601 3652 704 3720 innuit,
719 3672 805 3726 quam
828 3662 858 3710 ut
872 3650 1018 3711 christiani
1039 3671 1072 3710 ea
1093 3652 1229 3733 religione
1244 3655 1293 3713 ob·

95 3755 269 3831 stringantur
291 3771 356 3827 quae
380 3752 481 3820 Deum,
501 3751 616 3807 Patrem
642 3761 786 3827 agnoscat,
808 3749 909 3807 lesum
934 3749 1085 3819 Messium,
1106 3760 1134 3808 et
1155 3750 1294 3829 Spiritum

96 3852 246 3918 Sanctum,
261 3851 319 3909 vim
335 3849 446 3908 seilicet
460 3847 598 3906 divinam.

135 3950 205 4003 110.
228 3944 316 4023 Resp.
338 3944 420 4004 Loea
433 3962 491 4003 non
511 3951 577 4000 eunt
595 3932 740 4018 parallelo.
784 3939 941 3997 “Domino
954 3948 983 3995 et
1004 3936 1148 4006 Gedeoui,
1171 3940 1293 4000 Gladius

100 4042 219 4100 Domini
232 4050 261 4098 et
285 4039 477 4108 Gedeouis,”⁴
498 4037 711 4096 conclamarunt
732 4035 848 4099 milites,
871 4032 974 4091 dnsem
1001 4052 1086 4092 suum
1109 4035 1295 4113 appellantes,

135 4284 179 4353 (l)
198 4285 275 4351 Apud
285 4285 404 4336 Athenas
416 4291 433 4334 t.
447 4287 469 4335 1.
480 4300 504 4349 p.
515 4282 571 4332 262.
589 4283 757 4333 Montfeueou.
768 4288 785 4331 t.
800 4283 821 4330 l.
832 4295 857 4344 p.
870 4280 893 4329 l.
903 4295 928 4344 p.
938 4279 997 4328 25⁵.

139 4375 182 4438 (2)
201 4372 267 4421 Vide
278 4387 345 4437 opes.
357 4370 430 4432 Greg.
439 4369 549 4419 Theum.
559 4384 584 4433 p.
598 4371 620 4417 l.
630 4368 667 4418 sd.
679 4369 756 4419 Paris.
769 4369 842 4415 1⁰22.

137 4458 180 4522 (3)
199 4456 281 4520 Prope
291 4454 376 4503 finem
391 4453 456 4503 Vide
465 4453 532 4518 apud
543 4452 645 4503 Bullum
654 4451 771 4501 Defensio
781 4448 853 4501 Fidei
862 4446 974 4500 Nisum
985 4446 1049 4497 sset.
1060 4446 1084 4497 ii.
1096 4462 1118 4496 e.
1130 4446 1163 4495 is.

138 4542 180 4606 (t)
199 4539 258 4590 Juu
269 4537 311 4587 vii.
323 4538 363 4586 ts.
373 4535 415 4587 20.
