2730 5018
102 267 162 327 tae
400 292 410 299 -
430 204 507 327 *un
527 220 973 327 rosnnsnnnan'nr,

102 380 245 497 g'unientis
261 421 364 506 quibus
378 421 448 481 illud
462 423 602 491 suaderet,
617 434 645 481 et
660 422 851 500 persuaderet.
895 424 1041 482 Caeterum
1061 424 1146 500 periti
1165 412 1317 500 disceptiss

102 517 171 575 toris
190 517 287 586 instar,
309 519 421 577 monuit
435 517 626 577 adversarium
642 537 707 576 eum
723 517 824 576 cadere
837 538 933 586 causa,
954 519 979 577 si
993 528 1107 577 constet
1117 519 1226 578 Jesum
1242 536 1314 576 esse
1355 550 1359 577 ·.

101 611 262 680 Messiam;
284 612 425 687 quidquid
446 615 484 671 sit
498 613 533 670 de
548 614 644 671 divina
658 615 721 690 ejus
736 629 844 682 natura,
870 619 956 687 quarn
971 625 1065 673 tamen
1087 615 1151 691 ipsc
1166 633 1235 672 curn
1251 613 1315 689 pler
1351 632 1359 668 .·

101 709 198 781 risque
213 708 387 766 Christianis
403 711 524 775 tenebat,
547 710 623 766 nulla
638 708 866 767 dissentientium
881 711 962 766 turba
974 729 991 766 a
1004 709 1136 786 dogmate
1152 709 1255 767 divino
1268 707 1314 766 di-

101 803 271 862 movendus.
313 804 375 862 Eos
389 816 484 862 autem
507 804 623 862 nomine
639 815 720 861 tenus
736 803 917 861 Christianos
932 805 982 876 qui
997 805 1065 862 illud
1081 805 1237 881 negabant,
1258 802 1311 861 Ju-

102 898 205 958 daismi
218 919 340 959 errorem
351 901 426 977 pelle
438 901 590 958 christiana
598 911 735 976 tegentes,
744 919 776 956 se
787 902 900 976 penitus
910 901 1026 976 rejicere
1036 912 1131 978 aperte
1141 902 1311 978 profitetur:

102 1017 146 1049 και
156 1018 203 1066 qap
222 1001 270 1051 εἰσι
281 1013 353 1058 τινες,
364 1004 383 1050 ὧ
394 1010 467 1063 qutun
484 1001 574 1066 ἔλεγον,
585 996 634 1050 ἀπο
650 1014 694 1049 rou
710 996 812 1066 ἦμετερυ
829 1001 906 1066 γενεςς1
925 999 1095 1066 ὃμολογοιντες
1113 1013 1187 1051 mor
1197 1004 1314 1065 Χριστον

100 1089 300 1159 ἑιναι,ἆνὲρωὲῐον
313 1090 376 1152 det}
387 1089 853 1161 ἆνὲρωπωνγενομενονᾶὲωφαινομενσι·
889 1089 991 1149 “Sunt
1004 1093 1081 1152 enim
1097 1092 1228 1165 quidem,
1240 1094 1312 1151 ami*

56 1181 64 1195 '
102 1187 139 1254 ci,
149 1204 187 1243 cx
201 1205 305 1264 genere
319 1196 416 1244 nostro
431 1188 481 1260 qui
495 1205 560 1243 eum
573 1187 720 1244 Christum
737 1207 801 1245 esse
817 1189 999 1256 confitentur,
1012 1190 1143 1261 quamvis
1158 1189 1313 1247 hominem
1348 1216 1354 1223 ·

101 1300 139 1339 ex
149 1282 315 1340 hominihus
324 1284 450 1359 genitum
462 1283 672 1359 pronuntient.”
683 1282 712 1340 N
715 1303 751 1341 on
763 1284 1025 1344 insinuatlustinus
1034 1275 1093 1343 rem
1104 1304 1169 1342 esse
1178 1285 1315 1353 dubiam,
1329 1328 1336 1337 -
1352 1278 1359 1353 ,’

19 1387 24 1393 “
101 1378 147 1435 vel
161 1378 224 1435 fieri
238 1395 324 1454 posse
338 1389 370 1436 ut
384 1379 514 1455 plerique
529 1397 580 1455 per
594 1371 689 1436 orbern
705 1377 863 1443 Christiani
876 1398 940 1437 eam
953 1379 1115 1437 desererent
1129 1380 1236 1449 fidcm;
1257 1378 1314 1439 sed
1356 1388 1359 1393 '

102 1493 136 1533 ea
147 1475 232 1533 etiarn
248 1475 373 1533 admissa
387 1465 554 1551 hypothesi,
567 1494 598 1532 se
613 1475 682 1532 dicit
693 1495 709 1531 a
720 1475 855 1533 divinitus
868 1477 991 1534 revelato
1003 1475 1135 1553 dogmate
1149 1494 1327 1550 numquam·
1355 1510 1357 1515 ·

103 1567 307 1633 discessurumr
320 1568 390 1627 adeo
399 1569 551 1645 locupletia
561 1580 640 1627 erant
649 1570 725 1626 illius
735 1581 909 1645 argumenta.
925 1570 994 1629 Ideo
1005 1583 1099 1629 autem
1108 1573 1314 1631 hereticorum

104 1673 277 1730 commenta,
302 1665 435 1736 aquibus
451 1664 592 1731 abhorret,
614 1675 702 1732 notat,
718 1664 872 1740 Tryphoni
888 1676 917 1723 ut
931 1667 1062 1725 ostendat
1074 1666 1193 1725 Juduos
1208 1667 1317 1743 cadere

104 1777 199 1824 causa,
213 1758 353 1832 quidquid
368 1758 403 1816 de
420 1759 621 1818 Ebionaeorum
638 1760 778 1817 sententia
791 1761 838 1817 sit.
858 1763 894 1823 ὄις
912 1767 940 1815 οὐ
960 1769 1110 1832 cormeum,
1135 1762 1218 1817 nu’riv
1242 1778 1318 1819 umc-

105 1871 144 1917 ςοι
151 1851 232 1906 aduro
242 1874 284 1920 μοι
291 1852 433 1916 ὃοξασαντες
442 1858 541 1918 iunones,
551 1858 634 1922 ἐπειδη
645 1877 689 1908 oux
700 1861 854 1923 ov>postaoc5
864 1858 994 1925 dedugpuot
1002 1863 1182 1924 κεκελευσμεὲα
1193 1855 1240 1911 t‘ut’
1250 1856 1317 1911 ὂυτυ

105 1957 135 1994 rs
146 1945 225 2007 Χριςε
234 1947 373 2002 niumm,
383 1940 446 1996 ἄλλα
456 1958 508 2002 τοις
518 1945 560 1994 δια
570 1957 619 1995 των
629 1963 752 2008 μακαριων
763 1957 891 2011 προφητων
901 1950 1044 2012 κηρυχὲεισι
1055 1965 1099 1997 sus
1109 1941 1217 1999 odiose
1227 1945 1318 2009 dadon·

105 2027 199 2086 31th
217 2033 238 2061 “
246 2029 349 2100 quibus
362 2046 416 2104 ego
428 2046 486 2085 non
498 2029 645 2096 assentior,
660 2047 713 2085 nec
728 2029 889 2096 assentirer,
899 2030 1011 2088 etiamsi
1022 2010 1147 2089 maiIma
1156 2048 1234 2108 pars,
1246 2049 1315 2103 quas

57 2141 70 2151 “
107 2126 380 2206 mecumconsentit,
391 2123 467 2181 idem
478 2123 602 2183 diceret:
625 2142 719 2197 neque
731 2126 809 2183 enim
821 2125 954 2184 humanis
966 2126 1102 2185 doctrinis
1119 2116 1198 2204 J‘trssi
1209 2116 1317 2187 suiuus¹

107 2226 142 2282 ab
156 2227 221 2302 ipso
237 2224 355 2282 Christo
370 2220 496 2292 eredere,
510 2221 563 2279 sed
577 2223 612 2279 iis
627 2241 690 2296 quae
703 2241 719 2280 a
733 2223 822 2281 beatis
837 2224 985 2302 prophetis
999 2223 1162 2302 predicata,
1176 2235 1207 2282 et
1220 2225 1256 2282 ab
1271 2223 1320 2301 ip·

108 2338 141 2379 so
155 2319 290 2378 tradita.”
1354 2330 1359 2335 '

151 2418 218 2474 tur.
243 2413 310 2491 Obj.
325 2419 354 2472 2.
377 2414 449 2480 Quae
474 2433 491 2471 a
509 2412 768 2486 sustineamque
789 2422 856 2488 post
875 2432 942 2473 euru
962 2413 1158 2491 scriptoribus,
1184 2413 1320 2479 adducto

111 2518 181 2567 sunt
193 2507 396 2566 similitudines
409 2507 481 2565 lucis
496 2507 577 2574 radii,
600 2506 739 2582 lampadis
754 2508 877 2576 accensi,
899 2509 978 2566 verbi
992 2509 1104 2585 prolati,
1130 2500 1317 2583 nequaquam

114 2601 270 2662 ostendunt
283 2611 362 2674 nepos
384 2621 402 2658 a
421 2603 506 2660 Patre
520 2590 617 2659 revera
628 2601 775 2678 distingui,
791 2603 836 2660 vel
849 2622 1000 2679 personam
1011 2623 1075 2662 esse
1089 2605 1319 2673 subsistentem

110 2698 163 2757 sed
179 2699 276 2775 potius
289 2702 407 2769 ἐνεργειω
428 2688 569 2769 quandam
583 2697 639 2755 Dei
655 2696 796 2764 virtutem,
822 2716 888 2770 qua<
898 2698 986 2757 homo
1007 2699 1095 2757 J'esus
1115 2700 1230 2763 divinus
1245 2718 1318 2772 quo·

111 2792 265 2852 dammodo
280 2793 370 2851 lactus
385 2801 438 2850 est.
479 2792 569 2869 Igitur
590 2792 790 2868 philosophica
805 2793 925 2865 quadam
941 2793 1077 2866 loquendi
1091 2795 1202 2852 ratione
1216 2794 1318 2852 Deum

112 2889 234 2948 Christo
256 2898 426 2966 praesentem
441 2907 492 2946 sua
514 2890 640 2964 potentia
653 2888 754 2946 adesse
769 2889 991 2965 significabatur,
1017 2891 1087 2963 quin
1108 2890 1144 2947 de
1165 2889 1318 2952 divini-tate

111 2986 228 3060 propria
243 2978 353 3041 Christi
367 2984 564 3041 somniaretur.

155 3083 220 3138 198.
242 3079 331 3156 Resp.
354 3079 562 3137 Similitudines
578 3078 613 3136 ad
627 3081 764 3154 mysteria
775 3080 939 3138 illustranda
953 3080 1080 3163 adductae
1092 3083 1256 3141 necessario
1268 3078 1321 3142 dess

111 3177 222 3244 ficiunt,
243 3177 373 3248 quamvis
387 3194 425 3233 ex
438 3176 532 3247 aliqua
546 3185 624 3250 parte
639 3175 804 3233 inserviant.
846 3176 930 3234 Radii
945 3177 1018 3235 lucis
1032 3178 1188 3254 imaginem
1204 3190 1318 3237 mutua·

40 3290 44 3299 ·
112 3283 157 3330 tus
169 3283 213 3331 est
222 3272 241 3330 J
244 3273 365 3339 ustinus,
377 3283 408 3329 ut
419 3272 574 3348 explicaret
584 3271 727 3344 quomodo
741 3278 754 3326 ὀ
766 3280 844 3344 hopes
856 3272 930 3349 apud
942 3274 1058 3333 Patrem
1070 3294 1134 3332 sese
1147 3275 1320 3352 patriarchis

111 3369 342 3436 manifestaverit,
357 3387 445 3441 quum
461 3369 586 3444 potentia
598 3380 626 3425 et
639 3369 763 3427 essentia
777 3388 794 3425 a
808 3369 891 3426 Patre
906 3371 944 3426 sit
963 3371 1176 3446 inseparabilis:
1198 3371 1321 3444 ἀκωςιςος

111 3468 228 3535 δυναμει-8
268 3464 422 3541 Lampadis
435 3463 591 3521 similitudo
606 3464 730 3520 adhibita
743 3473 787 3521 est
801 3474 831 3520 ut
846 3465 942 3521 divina
962 3469 1087 3526 essentia
1105 3468 1319 3525 communicata

115 3562 191 3620 Filio
205 3561 420 3636 intelligeretur.
435 3577 616 3634 personaque
629 3549 695 3614 Filii
708 3578 723 3613 a
736 3559 818 3614 Patre
831 3557 972 3627 distincta,
988 3561 1067 3618 nullo
1078 3562 1211 3619 essentiae
1224 3562 1322 3638 ipsius

116 3657 296 3715 detrimento.
340 3655 467 3713 Verbum
483 3654 518 3710 ab
532 3653 649 3711 homine
663 3653 813 3727 prolatum,
836 3671 893 3724 quo
907 3672 970 3726 quae
986 3655 1081 3713 animo
1095 3655 1234 3716 latuerant
1248 3649 1323 3732 pan-

115 3753 229 3820 duntur,
245 3751 501 3811 manifestationem
515 3759 603 3822 noyon,
625 3750 674 3823 qui
697 3750 731 3806 ab
747 3759 851 3807 aeterno
874 3759 932 3807 erat
953 3750 1029 3827 apud
1052 3752 1158 3820 Deum,
1185 3752 1321 3811 illustrat.

116 3847 260 3909 Ceterum
276 3849 307 3908 in
321 3866 445 3909 errorem
459 3846 573 3917 incidit,
584 3848 758 3924 quicumque
772 3846 939 3925 hujusmodi
953 3847 1154 3910 similitudines
1169 3849 1258 3933 nimis
1272 3867 1325 3908 urs

119 4102 123 4111 ¹
151 4085 193 4150 (1)
214 4080 304 4134 Bullus
321 4089 405 4132 censet
431 4089 527 4132 textum
543 4081 738 4135 emendandumr
755 4082 872 4147 ὑμετερυς
889 4080 956 4142 quod
972 4081 1103 4130 admodum
1120 4080 1258 4130 verosimile
1274 4089 1326 4135 est.

116 4170 220 4220 Videtur
230 4167 343 4218 lustinus
353 4166 470 4230 respicere
481 4181 523 4214 eos
534 4165 615 4228 quiex
624 4165 790 4214 Juduismoad
806 4164 946 4214 Christiana
953 4181 1020 4214 sacru
1028 4172 1181 4215 uunseuntes
1191 4162 1326 4220 Christum

116 4269 212 4304 merum
223 4251 348 4302 hominem
364 4249 492 4307 habebunt,
509 4249 552 4312 qui
562 4263 626 4297 error
639 4248 813 4298 Ebionoeorum
823 4249 877 4301 tuit
911 4249 1111 4306 vitatudioium
1127 4249 1201 4305 Beth
1213 4247 1287 4304 datu
1299 4263 1328 4305 Φ

118 4340 161 4389 vii.
193 4331 578 4400 meministisne.
594 4332 634 4387 De
645 4332 729 4385 Dirin.
741 4334 764 4384 J.
774 4333 806 4390 C.
1316 4324 1321 4336 “

153 4426 196 4490 (a)
214 4423 249 4473 N.
257 4425 299 4474 48.

155 4509 198 4576 qu)
217 4507 282 4561 Dici.
294 4522 351 4562 cunr
364 4503 506 4575 ¹Ityphone,
516 4518 541 4556 m
553 4504 594 4563 tu,
605 4518 629 4573 p.
643 4505 702 4561 rte.
