2730 5018
94 293 150 348 iss
376 290 432 351 nn
454 276 606 353 uniens
628 290 675 351 nu
697 288 782 350 nuo
803 283 1019 390 ressonis.

91 446 273 515 conveniunt,
287 456 316 506 et
328 465 507 521 unaqueque
522 448 598 506 idem
609 457 654 506 est
668 448 758 506 Deus.
800 447 913 505 Relatio
927 445 1085 523 personalis
1099 444 1128 503 in
1143 458 1299 520 compara·

90 543 198 601 tionem
211 561 276 602 non·
294 544 380 611 venit,
394 553 439 601 est
459 544 538 603 enim
560 544 694 620 specialis
716 541 891 601 subsistendi
914 542 996 610 ratio,
1011 541 1134 614 ideoque
1157 539 1295 614 quamvis

90 639 223 711 quaelibet
236 658 358 716 persona
372 640 472 697 habeat
487 639 713 698 totamvdivinanr
727 639 893 706 essentiam,
909 656 966 697 nou
981 647 1075 696 tamen
1094 647 1140 695 cst
1159 635 1216 694 alia
1230 651 1295 712 per·

89 752 170 804 sona,
184 734 248 812 ipsa
262 736 369 812 quippe
390 735 489 794 relatio
512 734 722 794 distinctionem
743 735 900 792 constituit.
942 733 1087 792 Craterum
1102 733 1128 791 si
1150 729 1222 804 quid
1244 730 1293 788 oh-

88 849 213 899 scutum,
222 841 322 889 etcum
331 831 447 890 rationis
457 831 604 906 principiis
613 831 660 888 vis
670 829 888 901 conciliandum,
896 830 926 893 in
936 829 1069 906 dogmate
1080 827 1137 886 hoc
1149 824 1302 892 rideatun'

88 925 124 985 da
139 927 250 984 divinis·
259 928 378 994 arcanis,
393 928 468 985 etde
480 928 605 985 essentia
618 926 714 984 diviua
728 927 896 1002 praesertim,
908 943 965 983 nou
977 935 1021 982 cst
1031 924 1159 981 humano
1172 920 1295 980 modulo

87 1021 285 1098 judicandum.
328 1023 452 1082 Pulchre
467 1020 596 1099 cyrillus
611 1021 820 1080 Alexandrinus
834 1021 921 1079 dicit:
944 1030 964 1058 ⁸⁸
974 1021 1007 1079 Si
1022 1018 1093 1078 nihil
1107 1021 1182 1088 iuter
1195 1035 1250 1076 nos
1263 1027 1290 1075 et

89 1118 187 1178 Deum
201 1130 246 1178 est
259 1120 443 1188 discriminis,
458 1120 554 1178 diviua
567 1121 671 1178 nostris
686 1117 878 1178 metiamur.”¹

130 1220 197 1276 lau.
223 1214 361 1293 01111.
383 1217 532 1274 Trinitatis
559 1235 663 1277 nomen
688 1217 719 1273 in
744 1215 902 1293 scripturis
925 1232 983 1272 non
1009 1212 1159 1289 reperitur,
1182 1227 1239 1267 nec
1259 1210 1293 1269 111

88 1311 201 1387 scriptis
213 1311 465 1388 Apostolicorum,
475 1312 523 1385 qui
538 1310 679 1379 dicuntur,
691 1320 813 1388 patrum,
827 1329 882 1369 noc
893 1310 1011 1368 aliorum
1026 1306 1083 1379 qui*
1090 1324 1141 1364 eos
1156 1303 1294 1381 proicimu-

87 1405 177 1481 sscuti
201 1416 287 1464 sunt:
310 1407 388 1481 quod
414 1418 589 1484 argumento.
602 1416 647 1463 est
670 1407 775 1481 ipsum.
792 1405 897 1482 dogma
920 1404 1078 1481 nposnlis,
1105 1412 1136 1458 et
1160 1398 1294 1476 patribus.

86 1500 343 1577 duorumpriorum
355 1503 523 1562 saeculorum
537 1504 664 1579 ignotum
675 1503 775 1572 luisse,
785 1520 843 1561 vox
854 1502 930 1560 eninr
942 1502 1065 1578 primum
1074 1497 1201 1558 occurrit
1212 1495 1294 1572 apud

89 1596 286 1673 Theophilum
301 1599 513 1658 Antiochenum
528 1599 603 1657 tertii
617 1598 714 1657 seculi
729 1600 919 1676 scriptorem-n

128 1696 195 1749 luo.
216 1691 306 1771 Resp.
328 1693 374 1752 De
388 1712 458 1752 voce
479 1693 555 1752 haud
577 1695 677 1770 agitur,
692 1693 743 1752 sed
765 1693 801 1752 de
821 1692 961 1769 mysterio
981 1691 1065 1749 trium
1085 1691 1115 1748 in
1137 1707 1197 1748 uuo
1221 1687 1296 1748 Deo,

86 1804 283 1862 personarum,
298 1787 374 1861 quod
389 1789 418 1847 in
433 1790 588 1865 Scripturis
604 1789 720 1864 reperiri
732 1788 824 1861 liquet
833 1806 875 1845 ex.
883 1784 1047 1863 baptizandi
1059 1779 1193 1852 formula,
1204 1788 1236 1841 et
1248 1801 1294 1842 eur

85 1881 190 1940 celebri
205 1883 348 1942 versiculo
358 1881 486 1961 epistole
500 1884 632 1952 loannis,
648 1894 678 1942 ut
690 1885 801 1942 iuterim
817 1883 852 1941 de
867 1882 1024 1941 innumeris
1034 1880 1207 1938 testimoniis
1222 1881 1285 1952 duae

85 1977 191 2036 Filium
207 1990 236 2036 et
258 1980 396 2055 Spiritum
422 1981 558 2038 Sanctum
583 1980 731 2056 speciatim
753 1980 911 2055 respiciunt
933 1977 1086 2039 sileamus.¹
1124 1976 1295 2052 Apostolici.

86 2072 185 2152 Ratres
201 2074 285 2132 trium
299 2092 494 2150 personarunt.
507 2075 682 2133 mentionem
701 2084 776 2132 certe
797 2074 945 2133 fecerunt„
976 2073 1007 2130 S.
1030 2072 1159 2148 Ignatius
1180 2070 1238 2132 M„
1249 2068 1298 2135 ath,

86 2168 291 2246 Magnesiaoos
305 2171 444 2239 scribens,
459 2171 518 2229 ait:
541 2181 560 2208 “
573 2170 684 2230 studete
699 2158 1053 2247 igiturutconsormemiui
1065 2169 1093 2226 in
1103 2166 1298 2244 dogmanoos

85 2263 203 2324 Domini
218 2274 247 2323 et
265 2267 469 2343 Apostolorum
491 2311 499 2327 .
523 2310 532 2326 .
555 2310 563 2326 .
586 2311 594 2326 .
617 2268 746 2336 11111110,
763 2279 791 2326 et
813 2269 907 2335 Patre,
922 2278 951 2325 et
965 2265 1117 2344 spirirum
1157 2262 1288 2323 Hermas

36 2392 46 2399 ·
83 2361 189 2421 Filium
204 2374 233 2420 et
246 2363 385 2440 Spiritum
401 2365 536 2424 Sanctum
552 2367 797 2434 commemorarit,
812 2365 947 2438 huncque
962 2365 998 2423 ’111
1018 2362 1209 2425 similitudine
1229 2362 1286 2421 sub

83 2455 136 2515 filii
152 2456 276 2535 imagine
290 2459 530 2524 iniimumPatns
544 2460 750 2527 consiliarium,
765 2470 793 2518 et
807 2461 935 2536 corporis
949 2459 1026 2532 quod
1046 2460 1138 2517 Filius
1152 2476 1299 2537 assump«

83 2553 120 2611 sit
133 2553 308 2613 conditorem
323 2556 478 2614 1111111111.8
516 2556 639 2615 Illustria
653 2558 737 2615 etiarn
752 2558 783 2615 in
797 2557 900 2634 Ignatii
914 2566 943 2614 et
958 2556 1119 2634 -Polycarpi
1145 2555 1298 2633 martyrio

83 2648 147 2707 data
169 2662 237 2708 sunt
260 2651 327 2710 fidei
341 2651 376 2710 de
398 2652 487 2710 tribus
511 2654 542 2712 in
566 2673 624 2712 uno
648 2654 712 2712 Deo
735 2654 865 2730 personis
890 2653 1062 2711 testimonia.
1105 2652 1178 2710 Haec
1193 2670 1285 2726 quum
1320 2727 1324 2741 ,

83 2755 186 2823 prresto
201 2748 258 2806 sint
271 2747 452 2816 documenta,
467 2758 577 2807 constat
589 2749 694 2826 dogma
708 2750 856 2807 Trinitatis
871 2749 996 2826 agnitum
1011 2748 1100 2806 fuisse
1108 2769 1127 2805 a
1138 2748 1181 2805 rei
1194 2748 1287 2806 chris«

82 2844 165 2903 tianae
180 2845 271 2902 initio.
313 2845 622 2909 Vocemnonridstur
636 2846 818 2922 Theophilus
840 2845 994 2912 invenisse,
1010 2863 1066 2917 qua
1079 2845 1166 2902 utitur
1187 2845 1296 2920 potius.

81 2950 224 3013 tamquam
240 2952 353 3018 recepta
367 2952 395 3000 et
411 2961 463 3000 usu
480 2945 541 3020 jam
557 2946 637 3001 trita:
660 2943 857 3001 animadvertit
867 2943 975 3001 scilicet
988 2951 1044 2999 tres
1059 2940 1122 2998 dies
1134 2959 1197 3014 quae
1212 2959 1286 3016 prae·

82 3047 230 3093 cesserunt
249 3038 431 3095 luminarium
453 3040 587 3097 creationi
609 3040 827 3116 imaginesesse
847 3039 1005 3104 Trinitatis,
1020 3037 1087 3106 Dei,
1103 3038 1166 3113 ejus
1181 3036 1297 3104 Verbi,¹

82 3133 201 3208 ejusque
213 3133 372 3208 sapienties,
385 3153 522 3206 quaroce
530 3136 714 3212 designabant
723 3147 832 3194 veteres
844 3135 972 3198 nonnulli
983 3135 1296 3211 81111111118111111111111.Ι

78 3242 156 3280 conor
170 3231 230 3280 εἰσιν
242 3243 286 3294 της
296 3230 400 3294 spelm,
411 3245 441 3281 ru
451 3235 504 3290 bra,
515 3252 559 3282 asoa
571 3245 668 3301 rs-toys
680 3230 750 3291 11111111,
761 3252 805 3284 και
817 3248 862 3300 της
873 3229 955 3296 σοφίας
964 3229 1046 3286 durs-⁴

121 3326 197 3385 151.
212 3323 278 3402 Obj.
300 3325 350 3382 22.
372 3325 404 3382 Si
419 3325 523 3402 dogma
537 3328 620 3385 trium
636 3346 819 3404 personarum
837 3329 867 3384 in
881 3346 939 3385 uno
954 3327 1019 3384 Deo
1034 3326 1135 3384 luisset
1148 3326 1183 3383 ab
1198 3322 1283 3383 initio

78 3421 294 3482 rei-christianos
304 3422 341 3480 ain
356 3422 489 3480 Ecclesia
503 3424 623 3493 celebre,
639 3425 733 3482 nullus
749 3425 850 3482 luisset
869 3425 949 3483 locus
964 3424 1221 3482 concertationibus
1244 3421 1293 3480 de-

78 3515 295 3576 divinaOhristi
320 3529 438 3576 natura:
461 3530 597 3596 negantes
618 3522 705 3582 enim„
722 3522 815 3579 statim
837 3521 962 3579 damnati
985 3529 1204 3595 essent,„,urpote
1224 3519 1280 3592 qui

79 3626 167 3673 totum
191 3615 257 3673 tidei
280 3615 506 3685 fundamentum,
531 3618 713 3677 notissimum
739 3619 871 3676 omnibns
897 3618 1077 3694 mysterium,
1102 3618 1290 3678 evertebant..

77 3713 209 3771 Attamen
223 3711 258 3768 de
272 3730 306 3768 ea
320 3712 505 3774 vehementer
519 3712 693 3790 disputatum
709 3716 860 3773 novimus:
877 3734 929 3773 nec
943 3714 1005 3771 ausi
1020 3724 1086 3771 sunt
1104 3711 1210 3770 Patres
1227 3712 1293 3770 Ni·-

77 3808 147 3866 caeni
163 3806 313 3880 aliquidde
325 3808 449 3886 Spiritus
463 3810 559 3870 Sancti
569 3811 666 3869 divina
677 3820 785 3880 natura,
800 3830 885 3885 quam
899 3812 1003 3887 pariter
1015 3811 1155 3884 negabant
1165 3809 1277 3876 Ariani,

76 3903 238 3963 decernere.
279 3905 358 3984 Ergo
372 3908 488 3966 nonnisi
501 3909 638 3985 paulatim
652 3908 756 3985 dogma
770 3908 839 3966 illud
855 3909 997 3966 invectum
1012 3915 1066 3974 est,
1082 3906 1212 3964 Nicrenis
1228 3904 1291 3964 Fi·-

75 4000 146 4059 lium
161 4001 256 4058 Deum
271 4002 499 4076 predicantibus,
516 4003 826 4084 constantinopolitani
841 4004 955 4065 concilii
976 4002 1121 4083 episcopis
1137 4003 1287 4084 Spiritum.

77 4099 212 4158 Sanctum
228 4115 263 4154 eo
277 4097 458 4173 dignantibus
473 4099 592 4158 honore.
1185 4083 1188 4087 ³

386 4319 428 4386 (l)
448 4318 481 4373 L,
489 4320 523 4369 xi.
535 4319 562 4369 in
573 4320 703 4371 loannem

344 4524 352 4535 .
435 4488 466 4540 L.
478 4489 512 4540 iii.
524 4489 596 4541 simil.
608 4491 641 4541 ix.
650 4508 672 4545 c.
682 4492 725 4542 xii.
736 4492 801 4548 xiii..

293 4602 299 4611 ·
374 4579 411 4638 (4)
430 4575 471 4627 Ad
479 4576 630 4642 Autolycum
640 4578 659 4632 1,
667 4577 693 4628 11.
704 4593 731 4628 n.
745 4581 783 4627 ln.
