2730 5018
54 327 72 349 ,
139 277 201 338 eoo
233 308 241 321 ·
465 282 522 343 111
544 280 700 341 anunm
721 234 1018 341 surrrcrsueu·

141 440 314 519 offl‘ssentss’¹
356 441 423 500 Nisi
438 422 549 499 interna
562 439 658 516 gratim
676 438 782 495 auxilia
803 437 887 496 simul
908 437 973 496 dete
993 437 1128 505 fuissent,
1143 434 1222 495 nulla
1244 431 1330 494 luisset

139 539 377 614 exprobrationis,
390 545 419 594 et
434 537 572 594 minarum
590 535 669 609 justa
682 534 763 600 ratio,
778 551 845 590 nam
866 533 1066 592 deficientibus
1081 533 1151 600 illis,
1166 550 1225 590 noo
1245 512 1347 608 potue-1⁸

142 646 207 691 runt
221 633 415 709 poenitentiam
430 640 610 709 peccatorum
626 647 718 705 agere.
761 627 836 685 Data
848 637 916 686 sunt
936 629 1022 706 igitur
1036 630 1086 687 illa
1108 628 1226 694 auxilia,
1241 629 1325 700 quibus

142 743 236 788 tamen
250 732 327 788 cives
343 730 383 788 illi
398 728 578 811 pertinaciter
588 727 759 792 restiterunt,
773 726 866 801 ponis
878 725 983 812 idcirco
995 726 1178 803 gravissimis
1191 725 1323 801 plectendi.

184 830 252 883 141.
274 827 371 902 ipsam
386 826 482 882 urbem
498 823 667 899 principem,
683 830 878 894 sanctamque,
900 820 1136 898 Hierosolymas,
1152 820 1280 878 Christus
1290 823 1324 881 sic

142 922 313 998 appellavit:
337 931 356 957 ‘⁸
367 920 538 986 Jerusalem,
554 937 617 992 qum
632 916 739 976 occidis
761 917 926 993 propbetas,
941 927 971 975 et
989 917 1102 994 lapidas
1123 935 1177 975 eos
1198 916 1322 988 quiade
1362 930 1365 964 1

143 1019 225 1076 missi
238 1028 314 1085 suot,
325 1019 437 1090 quoties
449 1017 525 1075 volui
539 1034 711 1092 congregare
725 1015 801 1072 filios
815 1024 890 1084 tuos,
903 1015 1147 1089 quemadmodum
1163 1014 1262 1091 gallina
1270 1035 1322 1076 con·
1355 1060 1365 1115 Ι

141 1127 241 1195 ‘egat
256 1115 348 1189 pullos
362 1132 431 1171 suos
445 1113 499 1170 sub
513 1112 581 1180 alas,
597 1122 625 1169 et
639 1112 754 1170 noluisti
767 1111 811 1167 1⁹⁹¹
851 1112 899 1171 Ex
914 1113 1010 1171 animo
1019 1111 1114 1170 voluit
1122 1110 1255 1168 Christus
1267 1111 1320 1172 Hie·
1352 1152 1365 1210 Ι

67 1210 72 1220 ’
143 1211 364 1286 rosolymitanos
379 1212 434 1269 sibi
448 1209 616 1276 adsciscere,
631 1227 739 1281 eosque
753 1209 893 1267 donorum
907 1227 1024 1268 suorum
1038 1209 1317 1285 efficereparticipcs:
1352 1237 1365 1317 Ι

143 1305 261 1381 proinde
276 1305 353 1363 dedit
365 1306 464 1380 procul
486 1305 573 1362 dubio
594 1305 641 1362 illa
664 1305 797 1362 interiora
815 1305 911 1382 gratiae
933 1304 1071 1372 subsidia,
1093 1302 1209 1380 quaedarl
1233 1313 1319 1365 nutum
1351 1328 1365 1412 Ι

142 1403 230 1458 finem
244 1413 323 1459 erant
337 1402 505 1458 necessaria
552 1401 715 1458 Noluerunt
728 1414 833 1467 autem,
848 1413 877 1458 et
894 1401 1076 1478 pertinaciter
1090 1401 1258 1459 restiterunt
1328 1462 1336 1481 ¹
1352 1419 1362 1428 ’

185 1504 251 1555 142.
275 1498 438 1574 Stephanus
454 1498 591 1556 diaconus
612 1496 729 1555 Judaeos
744 1497 790 1555 his
805 1498 898 1555 verbis
919 1498 1079 1574 increpuit:
1102 1506 1124 1532 ‘¹
1137 1496 1217 1554 Dura
1229 1496 1317 1554 ceruice

141 1604 171 1651 et
184 1593 391 1651 incircumcisis
406 1592 550 1659 cordibus,
566 1611 617 1649 vos
632 1611 747 1668 semper
761 1593 880 1670 Spiritui
902 1592 1007 1650 Sancto
1021 1591 1154 1660 resistitis
1167 1609 1176 1654 1
1196 1590 1265 1646 sicut
1282 1591 1321 1648 Pa·

68 1714 74 1721 ·
143 1701 199 1747 tres
215 1690 310 1756 vestri,
336 1689 375 1745 ita
398 1699 426 1745 et
442 1687 541 1745 vos.”¹
581 1688 705 1764 Spiritus
730 1689 853 1747 Sanctus
878 1688 996 1746 interius
1021 1686 1181 1764 presertim
1201 1696 1321 1762 operetur,

143 1789 260 1863 gratiam
277 1785 443 1843 tribuendo:
465 1787 493 1843 ei
508 1798 600 1843 ermen
616 1787 777 1843 restiterunt
790 1785 894 1852 Judaei,
910 1804 1030 1858 quorum
1043 1784 1130 1843 corda
1144 1783 1323 1841 incircumcisa

142 1897 232 1951 erant,
248 1885 377 1942 voluntas
392 1883 502 1941 scilicet
515 1883 639 1941 rebellis.

184 1984 251 2038 143.
274 1979 428 2055 Apostolus
456 1978 563 2036 Paulus
590 1979 625 2036 ad
654 1979 819 2036 Corinthios
848 1979 980 2055 scripsit:
1012 1977 1222 2054 “Adjuvantes
1246 1978 1335 2035 autcm'

142 2077 336 2143 exhortamur,
371 2093 407 2132 ne
440 2073 469 2131 io
506 2093 625 2132 vacuum
660 2075 778 2151 gratiam
813 2073 869 2131 Dei
903 2072 1095 2150 recipiatis.”⁴
1135 2072 1189 2131 llla
1222 2073 1325 2130 hortatio

142 2171 235 2227 inanis
264 2170 345 2235 foret,
366 2169 391 2225 si
419 2186 509 2245 penes
536 2187 587 2226 eos
616 2189 673 2226 non
701 2183 778 2227 esset
803 2169 898 2246 gratim
919 2170 1061 2226 resistere.
1103 2166 1170 2225 Nec
1190 2179 1282 2243 potest
1300 2154 1347 2226 dc*

142 2265 268 2321 externis
296 2277 403 2321 tantum
431 2263 567 2320 subsidiis
595 2264 724 2340 intelligi,
755 2283 822 2321 nam
849 2264 974 2336 loquitur
1007 2263 1165 2340 Apostolus
1199 2263 1235 2320 de
1267 2263 1324 2320 salu·

143 2363 178 2418 tis
194 2361 318 2428 auxiliis,
344 2379 406 2432 quae
422 2361 632 2418 internuntiam
648 2375 724 2419 sont.
768 2362 910 2420 Praeterea
925 2381 1012 2435 quum
1028 2362 1136 2435 absque
1163 2361 1252 2438 gratia
1271 2363 1325 2420 inte

142 2457 209 2515 riori
224 2458 295 2514 nibil
310 2458 338 2514 iu
354 2457 453 2514 salutis
468 2459 583 2534 negotio
599 2458 659 2514 fieri
686 2459 787 2533 possit,
809 2460 833 2515 si
855 2477 889 2515 ea
904 2458 1033 2517 fidelibus
1056 2458 1242 2535 praest'o'non
1256 2472 1334 2529 essct,
1361 2454 1364 2459 ’

143 2551 273 2611 illuderet
287 2552 321 2610 iis
336 2551 474 2610 hortando
488 2566 519 2609 ut
532 2554 628 2630 gratiae
643 2553 876 2626 obsequerentur,
893 2572 980 2627 quum
995 2555 1060 2631 ejus
1076 2554 1188 2612 defectu
1204 2573 1261 2612 uon
1276 2574 1326 2631 pos·

143 2660 217 2705 seni.

184 2741 334 2799 Probatur
356 2741 398 2799 II.
422 2760 458 2799 en
480 2741 650 2819 Augustini
671 2743 826 2807 sententio,
849 2763 934 2817 quem
956 2744 1122 2807 lanseuiani
1148 2755 1238 2803 totum
1258 2765 1328 2804 suum

144 2856 209 2893 esse
224 2838 368 2894 immerito
382 2839 536 2897 clamitant.

186 2938 252 2989 144.
275 2935 307 2991 ln
323 2935 394 2992 libro
422 2935 514 3010 primo
529 2933 563 2991 ad
586 2935 803 3011 simplicianum
819 2936 847 2994 in
862 2955 920 3010 quo
935 2946 954 2972 ‘⁶
965 2937 1047 2995 istam
1070 2938 1279 3009 quaestionem”
1294 2940 1329 3017 (cle

133 3029 212 3105 fidei
224 3029 323 3106 initio)
340 3032 496 3087 secundum
514 3032 689 3087 “veritatem
705 3031 864 3090 divinarum
879 3032 1087 3109 scripturarum
1098 3034 1265 3101 solutam,''⁵
1277 3056 1331 3094 con·

143 3136 186 3179 tra
201 3125 448 3201 Semipelagionos
464 3128 602 3192 scribens,
619 3138 746 3193 testatur,
761 3130 818 3185 ait:
842 3130 976 3187 “Noluit
990 3134 1058 3206 'ergo
1073 3131 1165 3196 Esau,
1181 3144 1210 3187 et
1224 3152 1281 3188 non
1293 3153 1331 3188 cu·

143 3221 246 3276 currit:
269 3220 319 3275 sed
335 3233 363 3276 et
377 3222 401 3276 si
418 3222 554 3279 voluisset
567 3235 595 3278 et
610 3225 792 3291 circumisset,
809 3225 863 3282 Dei
880 3225 1019 3302 adjutorio
1041 3227 1230 3301 pervenisset,
1253 3230 1298 3300 qui
1310 3231 1332 3287 ei

102 3324 111 3341 ⁸
142 3315 226 3369 etiarn
243 3314 326 3378 velle,
343 3325 371 3370 et
385 3334 496 3371 currere
513 3318 640 3374 vocando
656 3331 809 3394 praestaret,
825 3321 880 3376 nisi
905 3322 1050 3379 vocatione
1064 3331 1228 3397 contempta
1250 3343 1333 3400 repro·

142 3411 195 3466 bus
210 3410 398 3466 fieret.'‘⁰—-“
410 3412 454 3469 Ad
469 3412 546 3470 illam
561 3434 681 3476 coenam.
696 3436 780 3488 quam
798 3417 877 3475 Deus
893 3418 962 3475 dicit
976 3419 1004 3475 in
1027 3418 1188 3495 Evangelio
1205 3440 1335 3496 prepara·

142 3518 210 3572 tam,
228 3528 280 3565 nec
294 3528 394 3566 omnes
412 3511 460 3583 qui
484 3513 576 3568 vocati
591 3525 665 3579 suut,
683 3515 777 3570 venire
794 3515 952 3581 voluerunt,
975 3534 1067 3588 neque
1084 3516 1123 3572 illi
1140 3518 1189 3589 qui
1207 3530 1338 3574 venerunt

143 3607 240 3662 venire
255 3616 374 3680 possent
388 3607 443 3663 nisi
459 3621 635 3665 vocarentur.
657 3600 824 3682 Itaque‘iieo
840 3611 879 3667 1111
893 3611 997 3669 debent
1017 3612 1071 3668 sibi
1088 3614 1210 3670 tribuere
1227 3615 1275 3686 qui
1296 3631 1338 3669 ve·

142 3713 255 3767 nerunt,
271 3705 337 3774 quia
359 3707 450 3761 vocati
468 3718 615 3772 venerunt,
636 3708 743 3763 necilli
765 3709 814 3779 qui
840 3709 991 3765 uoluerunt
1013 3709 1119 3774 venire,
1135 3707 1240 3766 debent
1264 3710 1339 3767 alteri

142 3800 274 3865 tribuere,
300 3799 351 3856 sed
378 3811 485 3858 tantum
511 3803 584 3859 sibi:
616 3806 750 3874 quoniam
777 3817 807 3861 ut
829 3807 957 3861 venirent
980 3804 1070 3861 vocati
1095 3817 1175 3861 erant
1199 3806 1229 3862 in
1256 3806 1341 3862 libera

143 3896 296 3952 voluntate.
340 3896 460 3957 Vocatio
476 3918 544 3975 ergo
564 3910 628 3957 ante
657 3902 787 3958 meritum
803 3902 975 3971 voluntatem
1002 3912 1145 3977 operatur.
1187 3902 1342 3978 Propterea

142 4002 171 4045 et
194 3978 218 4046 si
245 3992 397 4063 quisquam
416 3993 471 4050 sibi
494 3994 590 4051 tribuit
612 3990 686 4066 quod
711 3998 789 4052 venit
813 4008 938 4064 vocatus,
955 3997 1082 4054 nonsibi
1104 4009 1198 4073 potest
1220 3998 1341 4055 tribuere

507 4148 548 4213 (t)
569 4149 629 4197 Met.
643 4149 676 4197 xi.
691 4153 731 4199 20.

509 4237 546 4294 (2)
564 4234 624 4282 Met.
635 4234 703 4282 xxiii.
715 4237 756 4285 37.

510 4317 552 4384 (3)
571 4319 627 4367 Act.
640 4319 681 4371 vii.
692 4322 732 4367 51.

507 4401 549 4466 (t)
569 4401 600 4450 11.
612 4401 668 4452 Cor.
680 4403 711 4453 vi.
726 4407 748 4454 1.

509 4487 551 4551 (ὁ)
571 4485 601 4537 L.
612 4489 643 4539 de
654 4491 726 4555 pred.
743 4490 789 4540 SS.
801 4507 821 4540 c.
833 4493 857 4540 4.

510 4571 548 4635 (6)
566 4571 598 4622 L.
609 4573 625 4623 i.
637 4576 668 4624 ed
677 4576 829 4641 Simplicium.
841 4591 882 4642 qu.
894 4577 919 4626 ii.
