2730 5018
106 268 168 326 2⁰8
334 264 394 328 DE
413 266 718 358 REDEMPTORE
739 262 1088 327 ΕΧΡΕΟΤΔΤΙΟΝΕ.
1158 307 1161 322 .

106 422 274 482 adsalutem
290 434 420 502 spectant
443 425 634 502 impertiretur
647 425 787 482 notitiam.
828 423 903 482 desa
915 424 1068 483 mulierem
1086 419 1336 490 Samaritarum„

106 519 144 578 da
158 521 234 580 cultu
250 522 314 580 Deo
328 533 419 599 grato,
433 535 461 580 et
481 523 564 579 saluti
580 522 738 598 prolutcno,
761 520 912 588 edocente,
930 522 996 596 ipsa
1007 516 1217 583 animadvertit,
1231 534 1315 574 wm—

107 634 222 675 tnunem
238 637 297 675 suae
312 618 405 694 gentis
418 618 644 694 expectationem
658 617 801 694 prodensz
817 627 837 653 ‘¹
848 618 918 674 Seio
928 619 996 689 qaia
1007 615 1132 674 Messias
1144 613 1235 679 veuit,
1248 612 1315 687 (qui

104 710 210 770 dicitur
220 713 378 792 Christum)
400 733 467 772 cum
480 732 550 789 ergo
564 713 672 770 venerit
686 713 745 779 ille,
759 713 846 770 nobis>
857 713 1035 770 annuntiabit
1049 709 1196 785 omnia.”¹
1237 707 1304 767 nce

105 809 200 866 verbis
215 810 342 866 vaticinii
357 809 550 885 respondent:
574 809 715 866 “Ponam
730 810 815 865 rerba
830 826 893 866 inea
913 809 943 865 in
958 825 1008 864 ore
1020 807 1095 883 ejus,
1119 805 1303 877 loqueturque

105 905 142 962 ad
156 923 206 963 cos
221 907 317 963 omnia
339 926 402 979 qua
417 924 580 982 precepero
604 905 675 963 ci.''⁸
714 906 817 963 Petrus
842 905 962 962 fidenter
986 905 1116 979 Moysen
1135 920 1171 959 eo
1194 901 1304 960 locide

105 1001 226 1060 Christo
240 1002 366 1060 locutum
381 1003 478 1060 dinit.l
518 987 603 1060 Pater
623 1003 687 1078 ipse
700 1003 823 1060 celestis
836 1003 865 1059 ei
884 1001 1084 1060 testimonium
1096 999 1173 1066 tulit,
1186 1015 1307 1070 eumque

103 1099 282 1180 'audiendum
299 1101 388 1179 jussit
400 1120 407 1157 ε
432 1101 560 1176 “ipsum
572 1099 716 1158 audite.'’⁴

146 1201 176 1254 7.
198 1195 350 1254 lnnumera
365 1204 431 1253 sunt
445 1195 636 1262 Psalmorum,
662 1194 756 1260 Isaiae,
782 1206 811 1251 et
833 1195 952 1251 aliomm
968 1203 1064 1250 vatum
1086 1192 1230 1264 locaque
1255 1190 1307 1248 Re·

106 1290 284 1366 demptorem
301 1290 451 1348 Christum
465 1292 642 1358 annuntiant,
659 1291 821 1368 justitient
835 1291 933 1348 salutis
949 1301 1104 1354 auctorem,
1126 1306 1194 1360 quas
1208 1277 1312 1362 magna

106 1407 171 1446 cnm
186 1387 345 1445 eruditione
360 1388 523 1464 nuperrime
544 1389 693 1446 illustravit
717 1388 949 1464 Hengstenberg.
988 1386 1108 1444 Psalmo
1122 1383 1253 1442 secundo
1266 1400 1311 1441 ca·

105 1484 196 1542 lebrat
210 1494 289 1542 vates
303 1503 400 1560 regem
416 1504 432 1541 a
447 1485 515 1543 Deo
525 1485 685 1554 inunctum,
700 1486 745 1541 cui
763 1484 864 1541 fnestra
875 1494 973 1560 gentes
985 1500 1124 1559 regesque
1137 1481 1312 1544 restiterunt,

106 1580 202 1639 divina
218 1580 352 1638 domandi
368 1581 502 1657 potentia.
535 1581 580 1638 De
596 1599 661 1656 rege
673 1581 809 1656 singulari
822 1581 878 1655 agi,
894 1579 1057 1637 Israeliticis
1068 1579 1239 1648 caeterisque
1253 1590 1314 1632 om·

106 1677 192 1734 uibus
206 1677 321 1752 regibus
334 1676 420 1751 longe
434 1675 585 1750 superiori,
600 1685 732 1742 constat;
757 1676 920 1750 agnoscitur
934 1675 1010 1731 enim
1026 1674 1082 1730 Dei
1097 1673 1203 1739 Filius,
1218 1691 1234 1728 a
1250 1671 1317 1729 Deo
1340 1700 1345 1710 ·

107 1790 175 1830 vere
189 1773 312 1848 genitus,
327 1784 356 1829 et
369 1773 565 1829 universarum
587 1772 714 1846 gentium
736 1771 857 1846 imperio
872 1771 1004 1828 donatus.
1046 1769 1224 1826 “Dominus
1239 1766 1314 1824 dixit

108 1867 143 1926 ad
158 1887 224 1925 me:
247 1868 337 1924 Filius
355 1886 482 1925 meuses
499 1877 538 1935 tu,
553 1886 607 1942 ego
622 1866 711 1924 hodie
723 1867 808 1942 genui
824 1881 861 1924 te.
904 1866 1113 1930 Postulaame,
1129 1874 1158 1922 et
1172 1864 1248 1921 dabo
1264 1863 1315 1920 tibi

107 1962 220 2021 Gentes
236 1963 429 2020 hereditatem
444 1972 533 2030 tuam,
547 1973 576 2019 et
589 1963 802 2039 possessionem
819 1973 895 2019 tuam
911 1962 1048 2019 terminos
1059 1959 1190 2018 terrae.”⁵
1231 1958 1315 2016 Nihil

108 2059 196 2116 estin
211 2059 329 2116 historia
344 2058 662 2136 Davidis„Salomonis,
672 2059 718 2116 vel
732 2059 846 2118 alterius
862 2059 937 2135 regis
951 2058 1074 2124 Judaici,
1087 2055 1164 2129 quod
1180 2056 1227 2114 his
1239 2055 1317 2112 aliis·

109 2173 165 2227 que
180 2155 285 2212 Psaltis
300 2155 393 2212 verbis
408 2155 589 2231 respondeat,
610 2154 682 2212 adeo
695 2167 727 2212 ut
740 2157 903 2213 necessario
923 2154 1093 2228 quarendus
1107 2154 1145 2211 sit
1158 2152 1315 2229 singularis

109 2250 226 2325 quidam
241 2269 302 2317 rex,
317 2252 399 2326 cujus
414 2251 534 2326 gloriam
549 2251 702 2308 celebravit
715 2251 820 2309 David.
862 2253 941 2310 Eum
959 2251 1078 2328 justine
1090 2254 1121 2308 et'
1133 2249 1235 2307 salutis
1250 2267 1316 2308 auc·

107 2355 199 2404 torem
214 2362 279 2402 esse
294 2365 330 2403 ex
342 2347 460 2405 Psalmo
471 2347 553 2405 t'acile
565 2348 716 2425 colligitur,
728 2368 794 2407 narn
807 2346 844 2406 ad
857 2350 921 2425 ejus
932 2349 1042 2406 cultum
1052 2347 1211 2404 invitantur
1219 2363 1313 2422 reges,

109 2463 146 2503 ne
162 2462 178 2499 a
194 2443 312 2521 justitie
327 2445 429 2502 semita
452 2445 566 2521 penitus
581 2446 790 2504 abscindantur.
834 2455 853 2482 ‘⁴
863 2446 976 2503 Servite
999 2444 1126 2502 Domino
1148 2443 1178 2500 in
1193 2444 1313 2501 timore:

110 2540 273 2600 eternitate
285 2542 388 2599 eicurn
402 2551 534 2600 tremore.
549 2541 764 2618 Apprehendite
775 2543 967 2619 disciplinam,
981 2532 1202 2621 (Hebraice'l)
1216 2517 1318 2629 wlff}

110 2640 300 2709 osculamini,
317 2642 436 2708 scilicet,
451 2641 606 2699 osculando
621 2641 743 2701 adorate
752 2641 870 2720 filium)
892 2640 1044 2714 nequando
1065 2641 1201 2698 irascatur
1214 2639 1317 2698 Domi·

111 2759 177 2806 nus,
192 2748 222 2796 et
236 2739 359 2815 pereatis
381 2738 416 2796 de
432 2740 477 2796 via
499 2739 609 2815 justa.’‘
651 2739 733 2799 Adeo
748 2741 866 2798 Christo
880 2740 977 2797 omnia
998 2738 1084 2816 hujus
1106 2737 1215 2796 Psalmi
1231 2737 1318 2795 verba

112 2847 282 2913 corrgruunt,
294 2847 325 2893 ut
339 2836 488 2893 Eichhorn
501 2836 530 2893 id
545 2836 688 2894 fateatur.⁵

154 2939 182 2991 8.
205 2934 317 2991 Psaltcs
333 2932 367 2989 dc
383 2932 586 3009 Redemptore,
609 2943 754 3006 tamquam
769 2952 835 3010 rege
851 2934 968 2999 victore,
990 2933 1038 3004 qui
1054 2931 1185 2990 dilectam
1200 2930 1258 3014 sibi
1273 2949 1321 2987 as·

108 3032 200 3088 sumit
213 3048 361 3105 sponsam,
377 3030 453 3086 canit
473 3040 501 3086 et
515 3031 644 3106 egregias
659 3031 722 3106 ejus
738 3032 866 3097 virtutes,
888 3040 916 3086 et
935 3030 1085 3104 imperium
1102 3027 1316 3104 amplissimum

111 3136 141 3184 et
154 3126 349 3198 aequissimum
366 3125 505 3183 celebrat:
530 3136 549 3163 “
562 3127 719 3201 Speciosus
745 3127 836 3184 sonna
860 3146 918 3202 prae
939 3127 1006 3183 tiliis
1028 3126 1188 3193 hominurn,
1208 3124 1318 3182 diffusa

109 3234 155 3281 est
169 3221 256 3297 gratia
270 3221 299 3278 in
312 3220 395 3276 labiis
411 3221 466 3276 tuis
488 3263 495 3277 .
520 3261 527 3278 .
551 3263 559 3277 .
580 3223 683 3296 specie
701 3232 748 3278 tua
761 3233 790 3278 et
804 3221 1014 3297 pulchritudine
1029 3232 1075 3278 tua
1090 3220 1214 3286 intende,
1235 3238 1321 3296 pros-

108 3335 180 3393 pere
193 3313 316 3391 procede
330 3324 358 3371 et
372 3332 467 3389 regna,
494 3324 610 3390 propter
624 3317 785 3384 veritatem,
806 3327 835 3374 et
849 3317 1094 3374 mansuetudinem
1110 3328 1138 3373 et
1153 3307 1320 3392 justitiam}

112 3423 141 3469 et
155 3410 278 3469 deducet
292 3421 319 3468 te
334 3409 497 3468 mirabiliter
511 3411 627 3469 dextera
642 3423 697 3470 tua.
722 3457 730 3469 ,
754 3455 762 3470 .
785 3455 795 3470 .
816 3413 906 3470 Sedes
922 3424 968 3470 tua
980 3413 1059 3470 Dens
1072 3415 1101 3470 in
1111 3412 1251 3470 seculum
1263 3429 1321 3469 see·

112 3508 188 3566 culi:
211 3509 291 3584 virga
304 3507 479 3575 directionis,
495 3508 573 3585 virga
587 3510 666 3586 regni
681 3509 769 3567 tui.’'⁵
801 3511 866 3568 Nec
881 3510 995 3577 Davidi,
1011 3529 1063 3566 nec
1076 3509 1224 3566 Salomoni
1239 3517 1321 3564 tanta

112 3616 273 3682 congruunt
284 3605 397 3681 elogia;
419 3623 474 3662 nec
484 3604 520 3662 de
534 3606 608 3682 regis
623 3607 725 3665 terreni
740 3625 849 3683 sponsa
862 3607 1062 3683 dici'potcrant
1076 3605 1180 3678 quein
1197 3603 1322 3662 Psalmo

112 3703 169 3763 hoc
190 3703 226 3760 de
250 3704 351 3780 regina
374 3702 575 3780 predicantur.
621 3703 800 3763 Describitur
820 3704 907 3782 plane
929 3704 1084 3782 imperium
1102 3701 1321 3778 amplissimum

147 3940 185 3997 (l)
204 3938 275 3987 Joam
284 3937 316 3986 iv.
328 3941 370 3986 25.
1232 3958 1255 4011 p

148 4025 186 4082 (2)
204 4021 278 4070 Deut.
291 4021 363 4071 xviii.
372 4025 412 4072 ts.

149 4109 188 4169 (3)
206 4106 262 4155 Act
273 4106 309 4154 iii.
320 4110 361 4154 22.

149 4192 193 4256 (4)
212 4190 287 4239 Matt.
294 4190 352 4239 xvii.
362 4193 387 4239 u.
965 4220 968 4225 ·

147 4280 185 4338 (5)
204 4276 320 4327 Bibliotb.
338 4275 382 4326 der
399 4275 464 4326 Bibl.
476 4275 576 4326 Litcrut
593 4277 610 4326 i.
630 4275 687 4326 534.
720 4276 848 4327 Bartholdt
865 4277 983 4330 &bande
998 4281 1064 4332 Ortu
1073 4280 1324 4348 Theotofflctep

115 4363 171 4411 tas.
205 4361 376 4411 Rosenmttller
385 4361 412 4411 iu
424 4364 456 4411 za
467 4361 527 4412 edit.
558 4360 636 4412 cusu
646 4377 663 4411 a
672 4361 868 4426 Heagstcnberg,
878 4379 902 4429 p·
915 4366 959 4415 83.

151 4445 194 4512 (6)
215 4446 299 4497 Psalm
309 4446 371 4496 xlia.
