2744 5024
393 206 395 211 Α
466 110 523 175 on
544 64 748 193 aninam
768 109 877 174 arun.
1223 117 1276 175 ιιι

51 322 54 337 ,
93 267 175 329 enims
186 278 292 337 nostra,
305 282 373 327 cum
387 268 425 326 sit
438 270 513 329 orbis
528 279 663 328 terrarum
678 269 833 338 Dominus,
847 272 894 328 cui
908 268 982 329 dixit
995 269 1075 329 Deus
1090 281 1155 329 ants
1169 271 1277 330 conati·

51 352 54 405 l
91 352 216 422 tutiorl'cm
230 363 347 422 seculis
369 364 540 422 ‘Faciamus
554 365 701 423 hominem
716 364 751 422 ad
766 366 921 441 imaginem
936 375 966 424 et
978 364 1193 427 similitudinem
1213 384 1280 426 nos·

51 446 53 459 ¹
90 459 192 518 ιιιιιι.”1
231 459 318 531 Yetat
331 469 475 518 auctorne
488 461 642 536 imperiose
657 471 686 518 et
699 460 768 519 dure
783 471 936 520 tractentur
948 464 1034 530 servi,
1047 461 1102 520 Dei
1114 463 1216 520 timore
1231 481 1279 520 ne·

89 556 181 634 glasto,
204 556 254 627 qui
269 556 348 613 venit
364 573 465 613 vocata
485 555 627 618 homines,
654 556 715 612 heri
732 569 760 612 et
780 557 917 632 mancipii
939 558 1018 615 nullo
1040 557 1137 616 habito
1156 557 1278 617 delectu.

51 690 61 701 ·.
91 650 159 708 “Na
170 652 199 708 in
212 648 400 707 amaritudine
411 649 535 724 imperes
548 649 656 706 ancillae
668 658 717 707 aut
729 653 811 708 ser'vo
824 663 882 718 tuo,
895 653 944 724 qui
959 653 990 711 in
1001 652 1135 711 eumdem
1147 665 1279 729 sparnum

91 763 125 803 ne
142 744 208 802 sorte
221 761 280 802 non
295 744 396 800 timeas
411 742 517 810 Deum,
539 743 589 815 qui
611 761 698 818 super
717 753 870 816 utrumque
890 757 953 813 est3
975 747 1111 818 quoniam
1130 765 1189 804 non
1203 747 1280 811 venit

94 858 182 898 uocare
196 839 355 897 secundum
369 856 532 915 personam,
546 837 599 894 sed
612 857 699 913 super
713 856 787 910 quos
802 839 926 915 Spiritus
942 841 1195 917 praeparaverat.”⁹
1231 842 1280 899 Li·

96 947 153 1008 quet
164 935 324 1007 Christum,
339 935 387 1006 qui
405 935 481 992 venit
495 952 595 992 vocare
609 933 754 1002 homines,
770 934 865 993 Deum
877 936 925 994 hic
939 936 1006 1004 dici,
1022 937 1071 1010 qui
1085 938 1217 994 omnibus
1232 936 1280 995 do·

95 1033 211 1102 minatur,
226 1043 254 1089 et
268 1033 297 1090 in
313 1051 371 1104 quo
383 1050 450 1106 spes
465 1033 559 1088 omnis
574 1030 737 1106 reponenda
751 1040 813 1088 est:
834 1050 876 1086 ιον
888 1032 926 1087 ἐπ’
937 1049 1079 1103 αμφοτεροις
1090 1038 1150 1088 θεὸν.

51 1144 54 1160 ·
130 1133 189 1186 213.
210 1127 329 1186 Hermae
349 1127 433 1196 liber,
455 1126 566 1184 Pastor
588 1127 690 1193 dictus,
717 1129 770 1184 sub
785 1129 870 1186 finem
886 1129 984 1186 saeculi
997 1129 1083 1205 primi
1103 1129 1237 1204 scriptus,
1252 1138 1281 1185 et

97 1223 128 1280 ab
145 1224 256 1291 henaeo,
283 1222 434 1281 Clemente
449 1222 653 1289 Alexandrino,
675 1222 795 1295 aliisque
809 1223 948 1290 laudatus,
974 1224 1080 1300 insigni
1094 1233 1139 1281 est
1151 1224 1219 1282 ildei
1234 1242 1280 1281 ve·

99 1329 165 1377 tuate
178 1321 358 1379 documento.
402 1321 447 1379 De
461 1321 536 1379 Filio
556 1321 617 1378 hoec
638 1320 742 1378 habet:
766 1321 907 1379 “duravit
931 1321 1074 1379 Dominus
1100 1341 1151 1398 per
1171 1303 1279 1380 Filium

98 1435 183 1474 suum.
205 1417 273 1484 Qui
277 1417 459 1494 denegaverit
471 1417 577 1475 Filium
592 1427 621 1473 et
634 1435 676 1483 se,
689 1416 863 1493 spondentes
878 1435 909 1474 se
921 1418 1007 1474 vitam
1023 1417 1109 1483 illius,
1120 1430 1148 1473 ct
1161 1418 1218 1493 ipsi
1210 1416 1280 1474 de·

89 1514 208 1597 ntgatmi
222 1524 289 1571 sunt
302 1513 405 1571 illum
397 1532 426 1570 ru
441 1512 656 1570 advenientibus
672 1511 793 1569 diebus?
797 1512 820 1547 ’³
840 1513 885 1569 Dc
897 1512 1067 1587 martyribus
1079 1510 1188 1568 dicit‘
1192 1510 1280 1570 Om-

89 1588 161 1677 Μ
175 1629 271 1668 eurum
286 1608 378 1667 deleta
389 1617 456 1667 sunt
468 1607 579 1675 delicta,
595 1609 664 1680 quia
678 1619 794 1684 propter
808 1626 912 1665 nomeu
923 1608 992 1664 Filii
1003 1607 1059 1665 Dei
1071 1615 1191 1665 mortem
1204 1608 1280 1665 obie-

98 1706 167 1762 rnut'
170 1705 190 1741 ‘⁴
225 1705 420 1763 similitudine
434 1706 581 1780 proposita
603 1704 732 1770 Domini,
748 1703 797 1774 qui
816 1721 901 1760 servo
921 1702 1094 1760 concredidit
1107 1703 1219 1758 vineam
1234 1720 1281 1760 co·

98 1798 338 1873 laudam,eumquc
352 1819 488 1857 unacum
502 1799 577 1858 Filio
593 1799 660 1856 fecit
673 1797 850 1865 haeredem,
843 1816 872 1854 ιιι
888 1796 1040 1872 diligentiae
1051 1796 1210 1881 praemium,
1221 1815 1281 1853 onr-

97 1895 163 1953 nium
175 1895 348 1954 conditorem
362 1894 458 1952 Deum
471 1892 602 1953 Domini
598 1894 692 1969 figura
703 1892 859 1968 significari
870 1890 1030 1958 declaravit,
1044 1890 1182 1966 Spiritum
1193 1890 1281 1948 Sanc

102 1997 147 2047 tum
158 1992 228 2048 Filio
241 1990 451 2066 representari,
463 1988 572 2047 Filium
583 1998 678 2046 autern
693 1987 749 2045 Dei
763 2006 847 2045 servo
857 1986 945 2044 fideli.
987 1985 1190 2044 Difficultatem
1202 1985 1280 2045 dein·

103 2102 153 2170 ceps
165 2088 312 2164 proponit:
336 2086 461 2151 “Quare
477 2084 568 2144 Filius
583 2085 649 2152 Dei,
669 2085 699 2142 in
713 2084 899 2141 similitudine
914 2083 978 2152 hac,
993 2083 1091 2143 servili
1114 2082 1178 2142 loco
1198 2085 1280 2161 poni·

105 2186 148 2240 ur!
184 2181 351 2260 Respondet
362 2183 509 2258 Angelus:
533 2179 621 2250 Audi,
642 2181 744 2253 inquit,
759 2181 788 2238 in
803 2181 899 2239 servili
914 2179 1076 2239 conditione
1090 2198 1149 2239 non
1165 2182 1281 2258 ponitur

109 2273 176 2336 Filius
190 2279 255 2346 Dei,
270 2277 322 2336 sed
337 2278 367 2336 in
380 2296 484 2354 magna
499 2266 636 2354 potestate
651 2290 679 2335 et
692 2277 823 2353 imperio.
876 2277 916 2335 Et
929 2277 1008 2335 dixi:
1031 2278 1096 2349 ¹Quo
1117 2277 1215 2346 modo,
1237 2280 1280 2336 in·

108 2388 179 2442 quam,
192 2374 340 2433 Domine?
381 2365 451 2431 Non
465 2373 603 2449 intelllgo.
640 2373 794 2439 Quoniam,
810 2374 912 2444 lnquit,
928 2373 970 2430 eis
985 2391 1057 2445 quos
1072 2373 1148 2451 Filio
1162 2392 1216 2431 suo
1227 2383 1280 2432 tra·

107 2463 165 2536 didit,
178 2469 357 2545 Filiusxejds,
372 2467 499 2545 Nuntios
513 2467 679 2543 praeposuit,
695 2465 729 2524 ad
744 2465 954 2523 conservandos
969 2466 1108 2542 singulos.
1150 2467 1217 2542 lpse
1232 2487 1280 2524 au·

108 2564 147 2618 lem
165 2562 314 2639 plurimum
335 2561 484 2630 laboravit,
499 2561 710 2638 plurimumque
733 2577 886 2635 perpessus
906 2569 959 2625 est,
980 2569 1013 2616 ut
1033 2559 1157 2616 aboleret
1177 2557 1280 2618 delicta

108 2667 192 2715 eurum.
213 2699 221 2715 .
244 2699 253 2716 .
276 2700 285 2714 .
308 2656 418 2714 Deletis
442 2656 528 2732 igitur
548 2655 672 2731 peccatis
694 2653 793 2729 populi
819 2653 883 2720 sui;
906 2653 969 2727 ipse
990 2651 1100 2709 eisdem
1113 2655 1281 2711 monstravit

108 2743 183 2809 itinera
196 2753 270 2820 vitm,
286 2751 350 2835 data
364 2753 406 2808 eis
419 2751 483 2827 lege
498 2769 584 2824 quam
598 2769 615 2806 a
628 2750 712 2807 Patre
727 2758 884 2824 acceperat.
926 2746 1016 2804 Vides
1031 2747 1127 2823 igitur,
1142 2766 1207 2804 csse
1222 2749 1281 2807 Do·

108 2843 192 2908 ninum
206 2849 315 2926 populi,
330 2858 446 2924 accepta
459 2868 476 2904 a
489 2848 575 2905 Patre
587 2865 640 2904 suo
655 2845 735 2903 omni
749 2844 935 2921 potestatc.”³
986 2843 1091 2904 Meritd
1106 2846 1222 2904 miratus
1237 2857 1281 2905 est

109 2933 207 3013 Hermas
222 2935 336 3002 Filium
344 2944 439 3020 ipsum
454 2943 512 3001 Dei
532 2954 615 3000 servo
629 2942 805 3017 comparari3
828 2941 878 2999 sed
900 2943 988 3018 probe
1008 2942 1157 3011 intellexit,
1179 2943 1280 3021 angelo

109 3035 252 3109 explicante,
265 3056 338 3096 eum
346 3039 421 3095 servi
436 3037 561 3114 gessisse
575 3036 706 3104 sormam,
718 3045 750 3094 ut
761 3047 851 3094 morte
862 3055 914 3095 sua
925 3036 1024 3096 mundi
1035 3049 1152 3113 peccata
1163 3037 1279 3107 deleret,

51 3209 53 3220 Ι
107 3123 202 3205 ideoque
215 3144 355 3212 potestate
368 3153 472 3211 magna
485 3143 515 3192 et
527 3152 647 3210 rmperro
662 3132 821 3210 praeditum,
847 3145 888 3203 ut,
913 3138 996 3194 etiarn
1013 3148 1157 3209 tamquam
1179 3137 1279 3205 honio,

51 3221 55 3265 ²·
107 3219 214 3289 doninus
228 3231 312 3319 foret,
330 3240 359 3288 et
381 3231 483 3289 divina
498 3249 615 3289 consors
630 3231 757 3289 ditionis.
799 3232 867 3289 Non
890 3242 957 3290 tunc
972 3243 1065 3291 tamen
1080 3234 1167 3310 coepit
1185 3253 1281 3293 rerum

108 3308 234 3396 duuiani,
257 3346 325 3385 nam
348 3327 472 3385 “Filius
488 3325 604 3398 quidem
619 3326 675 3384 Dei
689 3326 768 3383 omni
782 3335 908 3402 creatura
921 3328 1064 3398 antiquior
1084 3339 1138 3394 cst,
1154 3332 1192 3386 ita
1206 3331 1281 3388 utin

106 3421 202 3480 consilio
213 3423 291 3482 Patri
302 3440 357 3481 suo
368 3421 489 3481 adiuerit
503 3421 537 3479 ad
552 3420 730 3479 condendam
740 3430 905 3477 creaturam.
909 3420 943 3454 ”⁰
983 3420 1129 3478 “Nomen
1142 3423 1209 3479 Filii
1224 3422 1281 3482 Dei

60 3571 65 3584 .
105 3525 212 3593 magnum
226 3529 256 3580 ct
269 3520 444 3581 immensum
459 3528 514 3586 est,
527 3528 556 3577 at
570 3527 644 3576 totus
660 3518 695 3575 ab
706 3534 741 3575 eo
755 3525 926 3575 ostentatur
938 3515 1060 3576 orbir.”⁷
1099 3516 1199 3595 ipsum
1214 3517 1280 3596 Spi-

447 3771 491 3836 (ι)
512 3773 563 3830 av.

446 3855 488 3920 (2)
509 3855 587 3914 §xix-

426 3938 431 3944 '
447 3940 485 3999 (8)
503 3935 533 3986 L.
545 3937 561 3989 i.
572 3937 625 3987 Vis.
636 3935 662 3986 li.
672 3951 698 3986 ιι.
709 3935 734 3984 ii.
746 3951 769 3984 v.
783 3939 821 3985 1³.

449 4023 491 4089 (4)
504 4020 535 4073 Ι..
544 4022 578 4071 ιιι.
589 4022 667 4072 simu.
678 4021 711 4070 ix.
723 4037 748 4070 n.
760 4025 802 4073 as

449 4108 492 4173 (5)
505 4105 536 4157 L.
545 4106 579 4156 ili.
591 4106 668 4156 Simil.
680 4123 703 4155 v.
716 4109 730 4166 ς
743 4107 775 4156 ri.
790 4123 816 4159 n.
830 4112 852 4159 1.

450 4191 492 4256 (ὅ)
505 4189 535 4243 Ιι.
547 4190 581 4239 iii.
592 4189 670 4240 simii
681 4206 705 4240 v.
717 4195 731 4251 ς
744 4191 786 4241 xii.
797 4193 821 4243 t.

451 4275 493 4345 (7)
512 4274 636 4339 Ibidemt
649 4274 697 4328 xiv.
710 4279 734 4332 0,
837 4274 841 4281 '
