2730 5018
65 213 124 270 m
272 292 276 309 Ι
429 206 649 270 nocturnis
670 206 911 269 annosum.
975 227 978 231 ⁴

45 381 53 410 l

363 453 641 515 nonninus
669 452 977 515 nxnosrnro
1067 422 1073 431 ’

13 688 16 697 f
107 619 138 674 2.
160 615 342 674 catholicum
353 611 457 690 dogma
468 611 561 668 verbis
570 610 848 686 superstruitur
858 621 888 669 st
900 610 1039 687 majorum
1051 627 1168 667 suorum
1181 605 1273 667 fideus

7 746 11 785 ;
68 720 197 780 testatur,
207 713 289 787 juvat
304 708 466 784 explicare:
491 705 631 762 “Omnes
646 723 717 777 qnos
731 703 825 783 legere
839 706 930 782 potui,
945 707 1072 779 quiante
1086 725 1133 763 me
1147 706 1274 780 seripse-

7 800 8 807 '
49 807 136 866 frunt
149 807 184 864 de
200 805 351 871 Trinitate,
372 820 438 875 que
451 801 531 858 Deus
547 812 601 867 est,
620 800 779 858 divinorum
795 801 930 858 librorum
945 814 1070 858 veterum
1085 814 1113 858 et
1128 819 1273 861 novorum

71 895 204 962 'catholici
226 908 400 964 tractatores,
421 896 477 953 hoe
499 894 680 952 intenderunt
692 894 848 952 seeundum
870 896 1031 971 Scripturas
1052 895 1166 961 docere,
1193 872 1275 967 quod

69 992 158 1059 Pater
171 1001 200 1052 et
213 988 304 1054 Filius
317 1001 348 1051 et
360 986 485 1069 Spiritus
499 990 638 1057 Sanetus,
648 990 732 1048 utrius
746 990 933 1067 ejusdemque
947 992 1111 1050 substantie
1126 993 1275 1067 insepara-

71 1093 124 1150 ltili
139 1091 297 1163 squalitate
311 1089 436 1146 divinam
451 1087 595 1144 insinuent
608 1087 762 1152 unitatem
784 1087 905 1159 ideoque
926 1107 984 1145 non
998 1089 1056 1145 sint
1075 1100 1130 1145 tres
1145 1087 1198 1154 dii,
1220 1085 1277 1149 sed

73 1204 150 1247 unus
162 1187 260 1244 Deus:
282 1185 411 1258 quamvis
427 1183 518 1245 Pater
526 1182 632 1240 Filium
644 1182 785 1258 genuerit,
803 1194 832 1239 et
845 1183 909 1241 ideo
923 1183 1014 1241 Filius
1029 1202 1085 1240 uon
1101 1185 1137 1240 sit
1151 1184 1203 1256 qui
1217 1183 1276 1242 Pa·

73 1291 118 1341 ter
131 1292 194 1348 est3
216 1281 367 1351 Filiusque
381 1298 397 1335 a
411 1278 495 1335 Patre
521 1278 558 1333 sit
582 1277 705 1352 genitus,
731 1286 760 1333 et
779 1276 844 1334 ideo
865 1278 949 1335 Pater
969 1298 1027 1336 non
1047 1280 1084 1335 sit
1106 1280 1155 1350 qui
1180 1279 1276 1336 Filius

74 1385 139 1444 σου
160 1377 341 1451 spiritusque
364 1373 498 1446 Sanetus⁸
511 1390 565 1429 nee
586 1373 671 1430 Pater
690 1373 738 1439 sit,
760 1391 813 1430 neo
844 1372 946 1439 Filius,
972 1374 1022 1430 sed
1045 1386 1150 1431 tantum
1180 1374 1280 1459 Patris
1302 1425 1308 1437 ,

74 1482 104 1532 et
117 1472 184 1532 Filii
199 1472 335 1546 Spiritus,
349 1470 428 1527 Patri
448 1478 477 1526 et
490 1468 567 1526 Filio
588 1469 672 1525 etiam
688 1469 751 1543 ipse
765 1470 930 1540 coequalis,
949 1469 1025 1527 etad
1041 1471 1189 1527 Trinitatis
1211 1487 1278 1546 per·

7 1636 11 1645 ,
72 1570 169 1629 dnens
183 1568 330 1624 unitatem.
373 1566 442 1623 Non
457 1565 685 1622 tameueandem
700 1565 869 1622 Trinitatem
887 1577 979 1624 natam
994 1567 1030 1624 de
1045 1567 1152 1643 virgine
1168 1567 1280 1633 Maria,

11 1655 19 1739 ἶ,
70 1662 104 1726 el
116 1666 170 1723 sub
185 1663 290 1721 Pontio
304 1662 398 1720 Pilato
412 1661 578 1719 omeifixam
593 1671 621 1716 et
634 1660 786 1735 sepultam,
807 1661 891 1719 tertio
904 1661 952 1718 dis
971 1663 1173 1729 resurrexisse,
1194 1673 1225 1719 et
1245 1663 1278 1719 in

17 1744 24 1807 l
73 1757 391 1824 eoelumadseendisse,
418 1755 470 1814 sed
494 1755 689 1813 tautummodo
713 1755 830 1812 Filium.
873 1757 937 1814 Nee
961 1757 1080 1814 eandem
1102 1757 1278 1817 Trinitatem

24 1836 35 1920 l
75 1853 259 1915 descendisse
280 1853 310 1909 iu
325 1851 422 1928 speeie
437 1851 576 1909 columbe
589 1866 678 1926 super
693 1850 796 1909 Jesum
821 1852 1013 1927 baptizatum
1036 1864 1083 1910 aut
1103 1851 1151 1911 die
1171 1854 1280 1910 Ponte·

34 1940 44 2035 'i
76 1961 171 2010 nostes
186 1960 253 2025 post
264 1948 484 2006 adscensionem
500 1947 628 2015 Domini,
641 1947 737 2004 sonitu
750 1947 823 2004 fanto
837 1947 872 2004 de
884 1948 955 2005 eaelo
964 1951 1045 2020 quasi
1061 1949 1178 2005 serretur
1191 1949 1280 2006 flatus

43 2046 49 2097 l
76 2046 244 2111 vehemens,
259 2054 288 2102 et
300 2045 406 2120 linguis
419 2043 519 2100 divisis
534 2043 611 2100 velut
623 2042 698 2117 iguis
711 2041 822 2098 sedisse
836 2061 925 2117 super
936 2061 1079 2115 quemque
1093 2062 1204 2110 eorum,
1225 2043 1277 2101 sed

77 2139 275 2200 tantumnodo
289 2139 429 2215 Spiritum
444 2138 592 2194 Sanctum.
633 2136 698 2192 Nee
709 2135 829 2193 eandem
844 2137 1012 2195 Trinitatem
1025 2138 1134 2195 dixisse
1144 2139 1180 2195 de
1191 2139 1279 2207 eoelo,

47 2266 51 2321 p
81 2233 133 2294 fta
144 2253 173 2292 es
188 2233 286 2292 Filius
300 2251 394 2299 meus,
411 2233 472 2289 sive
487 2250 553 2288 oum
567 2231 725 2306 baptizatus
740 2244 784 2288 est
794 2251 811 2288 a
821 2231 945 2299 Joanne,
959 2234 1020 2290 sive
1034 2235 1063 2290 iu
1078 2244 1174 2290 monte
1190 2252 1279 2305 quan·

46 2324 51 2407 ξ
78 2330 117 2390 do
130 2349 197 2388 cum
211 2330 259 2386 illo
273 2338 353 2386 erant
365 2338 422 2384 tros
436 2326 586 2402 discipuli3
608 2337 656 2383 sut
670 2326 783 2398 quando
797 2329 892 2384 sonuit
906 2347 972 2395 vox,
995 2328 1105 2395 dioens,
1126 2328 1171 2385 Et
1192 2327 1279 2386 ιΙαιί·

71 2424 170 2503 finoni
182 2431 210 2480 et
224 2424 334 2480 iterum
348 2421 514 2499 clarificabo
521 2441 535 2490 ,-
557 2420 607 2478 sed
622 2420 817 2479 tantummodo
832 2422 924 2479 Patris
938 2441 1038 2480 vocem
1054 2423 1143 2479 iirisse
1160 2423 1194 2479 ad
1210 2424 1280 2480 Fili-

49 2568 56 2587 ,
79 2536 130 2579 um
153 2520 275 2586 laetam
297 2518 428 2590 quamvis
443 2519 528 2575 Pater
542 2528 570 2574 et
584 2517 675 2574 Filios
690 2526 719 2573 et
732 2516 856 2591 Spiritus
871 2519 1004 2586 Sanetus,
1018 2520 1092 2576 siout
1105 2520 1281 2595 inseparabi-

37 2598 51 2693 ι’
79 2613 123 2673 les
136 2622 213 2682 sunt,
236 2616 275 2671 ita
289 2613 514 2689 inseparabiliter
525 2626 686 2689 operentur,
728 2612 801 2669 Haee
815 2623 844 2670 et
857 2631 921 2671 mea
934 2613 1005 2671 fides
1017 2626 1070 2682 est,
1084 2615 1198 2686 quaudo
1219 2616 1282 2672 lise

36 2696 48 2793 ξ
81 2711 231 2773 Catholica
243 2709 364 2788 ἰιιιιι.”1ι

608 2896 753 2928 ..4-

449 3045 669 3104 HAERESUM
690 3044 913 3104 RECENSIO.
952 3067 957 3077 ·

33 3220 40 3277 ι
123 3208 152 3261 4.
174 3204 277 3259 Simon
292 3201 407 3277 Magus,
423 3203 486 3277 ipsa
500 3202 702 3277 Apostolorum
717 3211 808 3270 aetate,
829 3204 1008 3271 Valentinus,
1031 3205 1197 3276 Montanus,
1214 3211 1288 3268 Pra-

30 3292 34 3325 ⁵
84 3317 163 3365 xeas,
176 3299 280 3369 aliique
292 3297 359 3354 fidei
370 3297 527 3354 desertores
537 3297 683 3372 deinceps,
694 3297 797 3374 dogma
808 3299 956 3356 Trinitatis
968 3302 1051 3357 variis
1063 3302 1207 3378 figmentis
1223 3324 1289 3362 cor·

21 3410 24 3417 ’
52 3427 55 3430 -
83 3413 215 3473 rumpere
230 3406 259 3452 et
269 3394 390 3451 evellere
405 3393 580 3450 studuerunt.
603 3393 666 3451 Prae
681 3395 790 3450 caeteris
805 3395 957 3463 sabellius,
974 3397 1054 3455 tertio
1068 3400 1172 3457 saeoulo
1186 3401 1288 3459 Ptole·

84 3490 178 3552 maide
194 3491 223 3548 in
238 3490 332 3566 Lybia
345 3499 438 3557 natus,
454 3488 550 3547 docuit
564 3488 683 3547 eandem
698 3509 849 3565 personam
865 3491 979 3549 Patrem
993 3494 1187 3554 obeunditum
1202 3502 1308 3556 muu·'

81 3586 165 3666 dum,
180 3587 286 3644 Filium
301 3588 338 3644 ob
352 3586 589 3662 redemptionem,
605 3587 742 3661 Spiritum
759 3588 894 3644 Sanctum
908 3590 945 3646 ob
959 3591 1054 3664 gratiae
1068 3610 1154 3666 opera
1168 3595 1288 3662 vocari,

16 3666 27 3765 ’ἶ
85 3700 172 3756 quem
187 3698 311 3739 errorem
326 3682 469 3740 damnavit
483 3682 648 3741 Concilium
662 3681 888 3740 Alexandrinum
905 3703 950 3741 an.
966 3690 1036 3743 261.
1079 3688 1204 3746 Michael
1220 3666 1291 3746 Ser·

84 3785 178 3844 vetus,
193 3776 322 3833 medicus
338 3776 497 3853 Hispanus,
511 3776 622 3834 decimo
634 3789 716 3836 sexto
728 3779 843 3845 saeculo,
855 3779 1023 3838 Trinitatem
1036 3783 1121 3840 etiam
1137 3785 1290 3862 impugna·

83 3871 137 3940 vil,
160 3867 392 3930 ultim-o‘idcirco
416 3871 564 3931 damnatus
580 3874 731 3949 supplicio,
757 3874 894 3942 Genevae,
920 3895 1005 3952 opera
1020 3879 1144 3937 Calvini.
1185 3879 1289 3938 Lelius

82 3966 222 4034 Sooinus,
234 3976 263 4025 et
273 3966 406 4036 Faustus,
418 3969 481 4043 ejus
492 3988 593 4044 nepos,
606 3969 691 4026 Senis
703 3970 732 4026 in
747 3969 829 4026 Italia
842 3971 964 4039 oriundi,
978 3974 1077 4032 eodem
1090 3976 1196 4034 saeculo
1207 3995 1290 4053 mys·

25 4064 35 4133 ⁴.
88 4062 188 4119 terium
204 4062 259 4120 hoe
274 4082 338 4120 eum
353 4063 463 4120 oaeteris
478 4066 644 4139 rejecerunt,
659 4075 821 4136 seniumque
836 4084 889 4124 suo
901 4069 1016 4127 nomine
1028 4070 1175 4129 donarunt.
1258 4068 1274 4120 s

15 4136 43 4221 ‚l
129 4162 158 4216 5.
178 4157 364 4227 Priestleiua,
378 4159 499 4237 Auglus,
516 4162 564 4232 qui
579 4161 679 4218 ulti-mo
693 4162 799 4219 saeculo
814 4162 894 4232 vixit,
910 4166 1093 4226 scientiarum
1106 4167 1189 4227 laude
1204 4187 1289 4228 orna·

89 4264 145 4328 tus,
161 4267 189 4315 et
203 4267 268 4335 post
281 4258 371 4317 varias
384 4277 480 4318 rerum
502 4260 590 4334 vices,
613 4259 827 4319 Northumbriae
851 4262 882 4322 in
897 4262 952 4324 huo
977 4267 1042 4344 ipso
1063 4267 1287 4346 Penusylvaniae

409 4416 451 4482 (1)
472 4415 537 4478 Aug.
548 4417 563 4466 l.
575 4416 590 4466 i.
603 4416 773 4480 de'Trinitats,
784 4436 806 4470 e.
817 4420 849 4470 iv.
859 4436 884 4472 ιι.
898 4426 920 4471 7.
