2744 5024
371 265 428 341 nn
453 264 689 327 vensicuno
711 267 900 329 turnum.
1184 275 1239 331 ιιι

61 419 240 479 escribebant.
283 418 494 480 Alexandrina
519 423 604 499 igitur
627 424 756 484 recensio
779 425 872 485 codex
893 426 1076 487 Alexandriae
1097 427 1239 487 adhibitus
1274 396 1302 469 '³3

61 514 146 583 icitur,
162 514 198 572 ad
213 533 301 589 quem
316 515 475 575 reseruntur
496 518 618 595 plurima
632 516 807 596 exemplaria
825 521 868 579 illi
889 522 1057 598 plerumque
1072 525 1238 585 conformis.

61 610 122 681 lunc
135 630 152 667 a
166 609 319 669 Clemente
335 612 540 680 Alexandrino,
556 624 584 672 et
603 613 739 691 Origene,
751 627 780 673 et
791 616 927 694 deinceps
942 621 976 677 ab
988 619 1195 695 Alexandrinis
1209 630 1239 677 et

61 704 185 782 dgypuis
197 716 364 783 usurpatum
379 707 486 766 dlcunt.
533 707 729 769 Occidentalis
744 711 891 789 designata
904 724 948 772 est
961 715 1090 773 recensio
1102 717 1137 773 ab
1148 715 1237 784 Afris,

61 800 123 867 tilis,
135 801 240 870 Gallis,
256 803 376 876 aliisque
391 804 612 863 occidentalibus
627 807 761 875 adbibita,
773 827 858 880 quam
874 809 1069 868 Tertullianus
1083 823 1117 873 ιιι,
1127 811 1236 888 Cypri·

61 916 107 957 nus
119 898 148 957 in
163 900 224 957 suis
239 900 419 959 citationibus
434 904 525 960 secuti
535 913 611 961 sunt.
657 903 987 982 Constantinopolitanae
1009 907 1142 969 recensio,
1153 928 1238 968 voca·

61 1012 85 1061 ιι
96 1013 158 1067 quae
173 996 204 1053 in
217 988 406 1072 patriarchatu
422 997 742 1076 Constantinopolitano
757 1001 895 1061 latissime
909 1015 954 1061 est
967 1014 1131 1080 propagata.
1166 1004 1239 1062 Haec

61 1088 249 1149 nGriesbach
263 1093 319 1150 huc
334 1095 553 1153 transtulimus.1
583 1097 692 1155 Auctus
706 1107 750 1154 est
765 1098 965 1156 accensionum
979 1117 1114 1157 numerus
1129 1101 1164 1157 ab
1178 1100 1240 1157 aliis

61 1183 143 1242 asticis
162 1188 341 1246 novissimis.
383 1187 562 1268 Africanam
586 1190 721 1249 familiam
742 1212 759 1249 a
781 1193 890 1250 crateris
913 1192 1075 1253 distinctam
1094 1193 1242 1252 admitten-

61 1276 105 1339 lan
116 1298 180 1339 esse
202 1283 348 1342 contendit
362 1286 499 1354 Perrone,
528 1297 595 1364 post
609 1287 770 1356 wiceman,
796 1288 871 1346 haud
891 1288 1002 1347 levibus
1017 1289 1145 1348 adductis
1161 1309 1241 1367 argu·

61 1378 169 1437 utentis.²

87 1478 147 1534 171.
168 1475 217 1533 Ea
229 1487 274 1535 est
287 1478 502 1548 recensionem,
517 1499 568 1537 reu
579 1477 777 1559 familiarum
787 1482 904 1550 utilitas,
917 1484 942 1541 si
954 1483 1067 1542 criticos
1082 1483 1229 1542 audiamus

61 1569 119 1635 utde
130 1571 253 1630 lectione
271 1573 483 1651 dijudicandum
499 1577 546 1644 sit,
562 1596 619 1634 uon
633 1596 670 1635 ex
682 1577 814 1635 codicum
831 1596 961 1646 numero,
975 1579 1090 1656 plurimi
1104 1581 1182 1638 euim
1196 1598 1242 1639 co·

61 1666 118 1727 dices
131 1670 286 1740 exeodem
301 1671 445 1749 desumpti
465 1674 623 1750 exemplari
637 1674 725 1732 instar
739 1676 823 1732 unius
838 1675 962 1733 habendi
982 1686 1059 1744 sunt,
1075 1675 1125 1733 sed
1147 1694 1184 1735 ex
1199 1696 1242 1734 re·

61 1767 204 1826 annonam
214 1769 424 1826 consensione:
439 1789 574 1846 magnum
584 1770 691 1845 quippe
701 1779 745 1827 est
759 1771 857 1846 primae
869 1770 999 1828 lectionis
1012 1770 1160 1838 indicium,
1170 1771 1198 1850 si
1210 1773 1239 1829 in

61 1865 156 1923 anatis
170 1866 318 1924 codicibus
333 1865 508 1924 diversarum
522 1867 722 1925 recensionem
738 1867 906 1925 inveniatur.
949 1867 1021 1925 Haeo
1033 1884 1092 1924 non
1105 1867 1239 1925 omnibus

61 1958 215 2041 plmuerunt,
230 1981 284 2021 nec
306 1975 402 2021 carent
416 1963 600 2021 difficultate:
624 1975 746 2020 attamen
762 1981 850 2035 quum
869 1961 944 2038 apud
969 1963 1121 2039 plerosque
1143 1960 1243 2038 recipi-

61 2064 129 2124 tntnr,
152 2076 187 2115 ea
199 2057 372 2117 admittenda
393 2078 451 2117 non
477 2078 681 2136 repugnamus.
725 2059 799 2116 illud
813 2068 907 2116 autem
932 2057 1008 2118 haud
1026 2058 1240 2135 praetermitten-

61 2146 111 2211 dnn
121 2152 257 2227 quosdam
271 2164 367 2212 extare
376 2155 492 2212 codices
504 2154 668 2222 anomalus,
678 2172 751 2228 quos
764 2154 797 2212 ad
812 2155 919 2213 unllam
931 2156 1128 2213 recensionem
1140 2154 1244 2212 referre

61 2241 120 2304 licet

89 2346 147 2403 1⁷2.
168 2344 228 2402 Sed
242 2345 278 2403 ad
292 2347 491 2405 recensionem
507 2347 670 2405 Africanam
686 2358 717 2405 ut
730 2348 890 2414 veniemus,
905 2346 1057 2405 Wiseman
1072 2356 1170 2406 censet
1183 2366 1244 2405 ver·

61 2437 151 2498 sionem
164 2440 282 2498 latinam
298 2443 509 2531 Scripturarum
530 2443 560 2499 in
575 2442 670 2500 Africa
696 2443 819 2518 primum
841 2441 992 2519 prodiisse,
1014 2442 1119 2499 saeculo
1144 2442 1252 2500 saltem

61 2536 181 2605 eandm
204 2556 270 2595 uam
293 2557 351 2614 prae
376 2539 508 2595 manibus
530 2558 592 2596 eam
619 2539 719 2595 habuit
739 2539 944 2595 Tertullianus.
986 2537 1131 2609 Equidem
1152 2556 1242 2610 quani

63 2626 121 2689 lctis
133 2634 276 2709 plerisque
290 2653 386 2693 sermo
408 2635 527 2693 Graecus
549 2645 627 2692 esset
646 2634 804 2699 familiaris,
827 2644 855 2689 et
869 2651 954 2691 nemo
976 2651 1013 2689 ex
1034 2633 1160 2707 patribus
1181 2644 1245 2689 ante

64 2721 251 2789 Tertullianum
263 2730 363 2789 Latine
379 2731 529 2805 scripsisse
544 2739 688 2796 noscatur,
701 2728 864 2785 verosimile
878 2737 923 2785 est
936 2727 1134 2785 Africanorum
1146 2746 1242 2792 causa

66 2830 140 2897 utpote
153 2844 213 2883 non
238 2824 309 2883 adeo
332 2825 436 2883 Graece
458 2825 633 2892 callentium,
648 2823 810 2881 versionem
831 2823 956 2898 primum
970 2820 1090 2878 factam:
1114 2821 1190 2893 quod
1210 2840 1247 2879 ex

65 2912 258 2998 dmregiouis
279 2921 441 2989 idutismis,
464 2923 513 2995 qni
539 2922 569 2978 in
591 2921 708 2993 antiqua
726 2918 857 2976 versione
878 2918 982 2976 Latina
1001 2916 1154 2984 abundant,
1178 2916 1246 2975 satis

66 3018 319 3092 conprobatum
321 3016 428 3075 fricana
442 3030 535 3075 autem
553 3017 676 3075 versiae
693 3017 795 3074 Graeco
810 3014 920 3082 codice,
942 3013 986 3072 vel
1002 3012 1089 3081 illius,
1113 3013 1158 3073 vel
1172 3013 1247 3089 prio·

65 3106 202 3181 &seculi
219 3115 292 3172 lacta
306 3115 343 3173 sit
355 3133 474 3173 necesse
490 3124 543 3173 est.
585 3114 703 3190 Ergo
680 3132 705 3170 ιι
725 3121 838 3174 constet
851 3110 1023 3169 versiculum
1038 3109 1137 3168 hunc
1130 3129 1159 3169 ιιι
1173 3109 1247 3169 Atri-

65 3212 259 3270 conversione
274 3222 417 3288 repertum
433 3212 533 3278 fuisse,
555 3211 761 3284 antiquissimae
776 3209 951 3270 recensionis
966 3207 1117 3267 auctoritas
1132 3226 1159 3266 cr
1151 3207 1247 3267 '-fave

63 3286 101 3359 tii
126 3305 191 3365 Jam
207 3324 275 3365 vero
285 3307 429 3365 luculenta
444 3316 546 3382 praesto
560 3318 627 3371 sunt
642 3307 813 3374 testimonia,
829 3307 932 3379 quibus
946 3303 977 3363 id
990 3303 1158 3362 ostenditur.

75 3404 149 3462 1.Ὶὸ
173 3405 387 3465 'ranunculus
412 3404 532 3462 celebris
559 3413 605 3460 est
625 3404 724 3461 locus.
747 3411 767 3440 ‘⁶
781 3421 928 3460 connexus
953 3401 1076 3459 Patris
1068 3420 1099 3458 m
1118 3401 1204 3469 Filio,
1220 3414 1249 3459 et

61 3484 115 3557 aar
125 3501 153 3560 in
168 3503 329 3571 Paracleto,
342 3514 398 3561 tres
411 3501 499 3559 efficit
510 3501 696 3566 cohaerentes,
708 3499 827 3555 alterum
838 3516 875 3554 ex
886 3498 992 3563 alteret
1014 3515 1066 3560 our
1077 3515 1152 3555 nnus
1162 3516 1247 3557 unum

61 3600 144 3666 “taust
162 3619 222 3659 non
236 3619 329 3658 unus:
351 3598 496 3673 quomodo
517 3598 623 3655 dictum
647 3606 709 3652 est:
731 3592 804 3671 Ego
818 3591 952 3651 etPater
971 3606 1067 3648 anam
1081 3607 1196 3661 ramas,
1212 3594 1247 3651 ad

61 3687 206 3773 tabutinus
222 3697 371 3763 unitatem,
386 3715 445 3755 non
460 3695 494 3752 ad
507 3692 619 3752 numeri
633 3687 906 3768 singularitatem.”⁴
926 3687 1065 3754 Quamvis
1078 3687 1171 3744 verbis
1185 3706 1248 3765 por·

61 3783 150 3851 Picuis
176 3810 235 3849 non
258 3790 355 3848 laudet
376 3790 548 3848 versiculum
573 3788 608 3845 de
634 3806 691 3859 quo
714 3786 814 3860 agitur,
838 3802 925 3841 voces
947 3782 1010 3840 illas
1033 3791 1137 3840 “nnns
1164 3803 1247 3842 unum

77 4016 121 4085 (l)
142 4021 296 4088 Conspectus
313 4019 444 4086 potiorum
462 4017 661 4069 obseruationum
679 4015 834 4074 amicarum,
853 4011 971 4078 prefixus
981 4009 1016 4061 N.
1027 4002 1063 4060 'l'J
1070 4009 1101 4058 G.
1113 4015 1131 4060 ι.
1142 4010 1158 4059 ἰ,
1169 4026 1194 4075 p.
1206 4015 1248 4061 23.

61 4092 277 4165 1ῑὶειιιειιιίιιιιιιιι
295 4103 415 4168 Hesychii
430 4118 473 4167 per
490 4103 631 4166 AEgyptnm
643 4099 784 4159 obtinuisse,
796 4095 902 4149 Luciani
920 4095 1143 4160 Constantinopoli,
1160 4103 1185 4144 et
1201 4096 1248 4144 late

61 4191 89 4235 ⁵1
98 4191 220 4249 orientem,
229 4189 344 4252 Origenis
354 4189 381 4238 in
392 4187 522 4236 Palestinae
530 4193 620 4237 censet.
654 4185 708 4234 Has
719 4200 776 4234 vero
787 4184 950 4244 recensiones,
962 4183 1038 4232 veluti
1049 4189 1130 4232 textus
1141 4181 1248 4243 vulgaris

61 4274 225 4326 mundationes
235 4276 347 4326 consulto
358 4281 483 4338 susceptas
493 4268 573 4338 putati
581 4272 737 4338 Hieronymo
749 4279 855 4322 auctore.
888 4270 1042 4332 Einleitung,
1053 4268 1079 4318 h.
1091 4269 1122 4318 iv.
1135 4273 1149 4328 ξ
1163 4270 1203 4317 36.

82 4362 117 4421 (2)
133 4360 215 4410 Tract.
227 4358 260 4412 ds
270 4358 399 4419 Trinitate,
411 4375 433 4408 c.
443 4358 469 4408 ii.
483 4374 550 4422 prop.
558 4357 582 4407 ii.
594 4372 620 4407 n.
633 4357 674 4405 69.

85 4444 124 4510 (³)
145 4445 213 4508 Sint,
221 4447 249 4496 in
260 4447 342 4510 aliquo
350 4445 433 4496 codice
444 4444 541 4507 legitur.

86 4529 119 4589 (4)
136 4528 166 4580 L.
176 4531 231 4581 adv.
241 4531 371 4590 Praxsam,
379 4546 399 4580 c.
410 4526 469 4580 xx'i.
481 4529 540 4579 alias
548 4525 618 4576 xxxi.

173 4615 245 4674 Von.
261 4615 382 4674 ΙΙ.-17
