2744 5024
417 259 474 319 DE
495 257 693 319 ΡΕΟΟΔΤΟ
714 257 917 325 omullus..

66 422 160 499 ipsam
173 419 313 477 incertam-
323 416 452 485 reddere,
467 435 531 489 qus
542 417 627 475 etiam
642 416 716 474 inter
726 414 1090 495 tabelluse,prodit,certo
1101 410 1200 474 Mosis
1210 420 1263 473 tes
1346 474 1362 484 ,

67 517 187 579 timonio
202 516 272 575 alias
287 516 408 575 firmata.
1337 567 1339 571 .

106 616 156 673 W.
178 610 236 669 ld'
227 613 313 689 rgitnr
325 630 378 687 pro
391 609 549 669 indubitato
563 628 600 668 ex
615 608 709 677 Sacrae
724 608 879 688 Scriptum
893 608 1112 687 eremitatem
1129 612 1262 683 perpetus

66 706 207 768 Ecclesiae
223 706 383 774 traditione,
396 704 551 764 terrendum
564 717 619 774 est,
629 724 728 763 revera
737 706 840 795 ppinis
852 705 1027 770 horninibus
1031 702 1132 777 &tutu
1139 717 1263 781 ΜΡ·

67 813 127 861 turn
142 800 301 861 abstinendi
317 819 333 857 a
347 799 440 858 fructu
454 798 603 877 cujusdam
625 800 744 868 arboris,
758 800 812 860 snb
826 819 913 878 poens
925 799 1034 859 donum
1046 792 1264 863 mansurnis

67 899 234 959 amittendi.
259 898 336 973 quod
355 909 461 966 tamen,
482 908 615 973 serpente
636 897 785 967 suadente,
798 898 953 965 violarunt,
965 899 1051 955 morti
1070 892 1182 953 idcirco
1201 889 1263 949 snei
1313 940 1316 945 .

17 1028 20 1033 ·
66 994 196 1054 obnoxii.
250 992 371 1072 Singula
393 1001 488 1050 autern
511 990 643 1069 adjuncta
667 991 812 1069 explicare
833 1008 979 1053 sacrorum
1002 998 1047 1049 est
1069 989 1263 1063 iuurprsun.
1333 1035 1364 1052 .-

68 1093 118 1167 qui
139 1112 156 1151 s
178 1090 304 1169 simplici
326 1100 355 1148 et
376 1090 461 1147 obvio
484 1088 633 1147 verborum
655 1107 753 1158 sensu,
774 1090 803 1147 iu
820 1107 856 1146 re
875 1089 963 1166 plane
981 1085 1130 1153 historica,
1144 1101 1203 1151 uon
1221 1079 1265 1139 ds·
1306 1088 1314 1109 ‘
1349 1131 1357 1134 -

67 1190 136 1247 bont
150 1187 231 1246 iscile
246 1185 390 1244 recedere.
431 1185 562 1262 Figurss,
575 1184 735 1262 allegorias,
747 1185 865 1263 mythos
877 1182 1070 1244 Orientalibus
1083 1189 1115 1239 et
1124 1178 1265 1257 plerisque
1336 1225 1360 1234 ι.

67 1283 199 1361 gentibus
214 1282 338 1354 antiquis
352 1281 506 1339 familiares
527 1282 616 1339 fnisse
631 1283 784 1351 norimus3
806 1281 930 1341 sednon
950 1279 1016 1338 ideo
1037 1278 1137 1337 curnis
1149 1285 1223 1341 sort,
1234 1274 1268 1333 sb

68 1380 154 1440 obvio
170 1378 364 1452 detorquenda
377 1397 476 1446 seusu,
489 1380 647 1456 praesertim
662 1380 803 1458 Apostolo
816 1379 910 1441 Paulo
922 1380 965 1436 rei
975 1377 1125 1441 veritatem
1137 1371 1268 1442 mantiles
1370 1407 1372 1410 ·

69 1477 100 1537 td
115 1475 252 1536 uadente.
684 1464 687 1469 ’
1174 1540 1178 1545 ,

108 1576 158 1631 98.
179 1572 229 1630 Ειι
249 1574 375 1631 mosaica
388 1573 547 1631 narratione
567 1572 658 1645 liquet
678 1584 799 1631 mortem
814 1581 931 1650 peccato
945 1573 1104 1649 primorum
1122 1575 1281 1645 parentum

68 1668 225 1737 inductam,
245 1688 303 1726 uua
325 1688 390 1726 cum
405 1668 547 1745 plurimis,
565 1668 670 1741 quibus
690 1668 849 1727 humanum
870 1687 960 1746 genus
980 1667 1100 1751 laborat,
1114 1662 1252 1723 arumnis
1268 1676 1294 1715 ²

70 1776 203 1826 ceterum
218 1765 254 1826 de
268 1766 371 1824 animas
386 1776 476 1834 reatu,
490 1785 589 1824 eorum
604 1767 727 1843 posteris
746 1766 903 1831 communi,
917 1764 991 1825 nihil
1004 1763 1118 1828 dicitur,
1132 1778 1224 1835 quem
1236 1770 1306 1819 tar

69 1881 137 1923 men
152 1873 314 1922 constanter
323 1862 458 1939 praedicat
469 1861 580 1920 Christi
594 1862 734 1929 Ecclesia,
747 1862 888 1939 Apostolo
902 1861 993 1919 Paulo
1009 1867 1167 1936 preeunte.
1211 1856 1266 1914 “S
1281 1847 1327 1907 ἱ

71 1961 136 2032 quis
147 1960 218 2018 Adae
234 1960 492 2036 prevaricationem
507 1959 561 2018 sibi
577 1958 642 2029 soli,
654 1969 682 2015 et
695 1977 753 2015 uon
768 1958 831 2034 ejus
846 1955 996 2035 propagini
1009 1954 1112 2013 asserit
1126 1951 1267 2013 nocuisse
1281 1979 1335 2011 a.-

71 2064 100 2111 st
114 2064 260 2129 acceptam
276 2073 292 2109 a
306 2052 370 2109 Deo
383 2053 572 2117 sanctitatem,
582 2061 611 2107 ct
619 2052 770 2127 justitiam,
784 2071 869 2125 quam
884 2050 1016 2130 perdidit,
1027 2050 1083 2107 sibi
1095 2048 1165 2116 soli,
1174 2056 1207 2107 ot
1220 2053 1344 2113 nor]

71 2149 155 2206 nobis
170 2149 256 2205 etiam
277 2147 446 2225 perdidisse,
462 2157 509 2204 aut
523 2148 700 2220 inquinatum
711 2149 796 2220 illurn
820 2168 872 2226 per
891 2147 1090 2207 inobedientiae
1111 2155 1267 2223 peccatum
1343 2170 1351 2197 ι

72 2255 195 2303 mortem
210 2253 238 2301 et
251 2262 352 2320 poenas
372 2244 500 2320 corporis
517 2253 624 2302 tautmn
646 2246 676 2302 in
690 2265 776 2304 omne
791 2265 881 2323 genos
903 2247 1060 2304 humanum
1075 2242 1359 2303 transfudissffl·

72 2358 130 2398 non
145 2349 239 2398 autem
254 2348 283 2396 et
303 2349 461 2422 peccatum,
478 2339 555 2412 quod
568 2359 645 2398 mors
660 2353 704 2399 est
724 2343 840 2410 animae,
855 2342 1004 2401 anathema
1023 2341 1070 2399 sit:
1084 2358 1152 2399 cum
1167 2347 1363 2399 contras

74 2434 149 2493 dicat
171 2434 312 2511 Apostolo
334 2433 457 2492 dicenti:
483 2434 540 2492 Per
562 2453 650 2494 unuin
670 2436 818 2495 hominem
839 2445 988 2513 peccatum
1011 2434 1127 2521 intrarit
1149 2434 1180 2493 in
1196 2439 1366 2493 munt·

73 2531 154 2599 dum,
169 2542 198 2590 et
212 2542 424 2607 perpeccatum
447 2550 535 2599 mors,
550 2532 630 2588 etita
644 2534 673 2590 in
687 2552 789 2591 omnes
811 2534 942 2597 homines
958 2551 1047 2591 mors
1055 2516 1235 2608 pertransiit,
1249 2531 1370 2589 iau

74 2646 132 2701 quo
155 2646 256 2686 omnes
278 2627 499 2704 peccaverunt?
543 2628 606 2684 “Si
629 2629 693 2700 quis
716 2630 771 2687 hoc
790 2629 861 2687 Adae
885 2639 1043 2706 peccatum,
1065 2626 1145 2701 quod
1166 2627 1357 2704 origin·

75 2742 163 2782 unum
180 2734 232 2791 est,
246 2732 275 2782 et
289 2725 505 2801 propagatione,
519 2744 577 2783 non
599 2724 767 2792 imitatione,
780 2725 952 2793 transfusum
967 2725 1111 2791 omnibus,
1126 2723 1206 2781 inest
1219 2705 1371 2781 unis}

75 2822 179 2894 cuique
203 2822 361 2898 proprium,
378 2822 423 2878 vel
442 2842 492 2898 per
513 2822 646 2881 humanae
666 2831 773 2891 naturae
787 2822 874 2888 vires,
888 2821 933 2878 vel
954 2839 1006 2897 per
1020 2818 1098 2877 aliud
1117 2818 1371 2880 remedium

75 2921 177 2974 asserit
200 2918 272 2983 tolli,
302 2936 385 2989 quam
413 2936 463 2992 per
489 2919 621 2974 meritum
644 2919 729 2974 unius
755 2916 919 2974 mediatoris
945 2917 1064 2975 Domini
1090 2917 1182 2975 nostri
1206 2917 1367 2977 teu-1¹

77 3012 635 3069 Christi———anathemasit.”¹
677 3013 793 3089 Optime
815 3012 960 3071 adnotavit
974 3012 1173 3089 Augustinus:
1200 3016 1273 3071 “su·
1320 3018 1366 3057 Α·

76 3109 156 3180 tiquo
171 3117 288 3183 peccato
302 3107 375 3163 nihil
389 3116 433 3164 est
447 3107 481 3164 ad
504 3107 716 3183 praedicandum
737 3110 842 3178 notius,
859 3110 932 3181 nihil
945 3109 981 3168 ad
1002 3108 1223 3187 intelligendum
1239 3127 1289 3169 se·
1328 3114 1365 3141 a·

78 3202 229 3262 cretius.’‘⁹
268 3202 314 3260 De
329 3204 391 3279 ejus
409 3216 508 3261 natura
529 3205 609 3281 plura
632 3205 827 3282 disceptarunt
847 3207 1002 3284 'I'lreologi,
1017 3207 1160 3280 curiosius
1181 3205 1361 3269 sorsarss

79 3317 212 3357 arcanum
228 3296 294 3354 tidci
309 3300 413 3365 rimati,
428 3310 460 3357 ut
472 3300 667 3358 haereticorum
682 3303 795 3359 obviam
812 3304 884 3368 irent
895 3290 1114 3379 objectionibus.
1157 3303 1226 3363 Nos
1240 3304 1358 3363 inf·

78 3406 121 3454 tra
133 3395 202 3453 fidei
215 3395 322 3453 limites
345 3396 508 3456 sistendum
526 3397 679 3456 duximus:
702 3392 824 3468 scilicet,
837 3400 900 3457 Ada
913 3413 1059 3477 peccante,
1074 3409 1166 3459 totum
1180 3401 1354 3461 huma!

79 3511 148 3551 uum
164 3509 255 3568 genus
268 3491 380 3568 lapsum
397 3494 590 3569 agnoscimus,
604 3496 752 3553 universos
768 3494 887 3572 proinde
901 3495 981 3555 nasci
995 3505 1171 3573 peccatores,
1184 3498 1348 3557 animfl

81 3590 146 3649 Deo
160 3599 279 3648 mortua.
322 3589 389 3647 Hoc
403 3591 507 3668 dogma
521 3595 634 3669 negavit
648 3593 746 3666 quinto
767 3593 873 3651 saeculo
886 3594 1002 3653 ineunte
1020 3591 1169 3672 Pelagius
1183 3608 1343 3655 mona!

81 3686 153 3744 chus
166 3685 256 3742 laicus
271 3685 469 3753 autrannus
484 3687 620 3744 Caelestio
635 3689 722 3745 Scotn
743 3688 934 3758 assentiente3
956 3690 1060 3763 quibus
1073 3690 1211 3767 preclare
1224 3708 1325 3749 ιιιεκ

82 3782 137 3838 titit
148 3783 335 3858 Augustinus,
348 3802 477 3858 quosque
490 3786 623 3844 coucilia⁴
633 3796 662 3844 ct
676 3786 831 3845 Pontifices
844 3786 1022 3861 damnarunt.
1063 3788 1238 3865 Albigenses
1254 3789 1316 3861 itt·

119 4047 161 4111 (l)
182 4043 259 4093 Cunc.
267 4040 337 4093 Trid.
349 4044 415 4094 Sese.
426 4062 448 4094 v.
460 4047 522 4096 decr.
534 4047 564 4094 de
575 4062 628 4110 pec.
640 4047 698 4109 orig.

119 4131 162 4195 (2)
181 4128 210 4177 L.
222 4129 252 4176 de
263 4128 370 4176 moribus
385 4129 449 4177 ticet.
458 4146 479 4177 c.
490 4129 551 4177 xxii.

118 4216 161 4280 (3)
181 4212 290 4278 (lonjicit
301 4212 417 4274 Priestlcy
429 4228 486 4261 eum
504 4214 608 4274 Murgan
620 4214 754 4277 Anglicum
765 4233 856 4267 nomen
869 4218 953 4268 Graece
964 4218 1102 4278 reddidisse.
1131 4217 1291 4271 Coelestiuu·

84 4299 143 4347 dicit
159 4299 305 4357 Hiberum,
317 4297 385 4346 Scoti
400 4298 491 4361 quippe
502 4299 626 4350 Hibernis
638 4301 723 4350 incolas
741 4303 890 4353 dicebantur.
923 4305 1041 4369 Pricstley
1052 4304 1109 4354 hist.
1121 4304 1178 4355 Vol.
1189 4304 1223 4355 ΙΙ.
1233 4312 1290 4371 pss-

82 4381 125 4432 xii.
137 4385 160 4442 ς.
172 4381 206 4432 ix.

122 4470 164 4534 (4)
184 4468 262 4519 Cone.
275 4468 390 4530 carthag.
402 4469 538 4532 plenarium
555 4473 605 4520 217
617 4472 756 4537 Episcopus
767 4482 889 4535 constans,
901 4491 942 4524 an.
953 4477 1011 4525 418.
1046 4475 1110 4526 Vide
1121 4476 1196 4528 etism
1212 4478 1289 4529 Mtte-

85 4555 195 4605 vitsuum
207 4553 237 4602 11.
250 4554 378 4618 Diospolit
391 4553 579 4622 constantinop.
591 4559 636 4610 sub
645 4559 736 4609 Attico.
770 4560 953 4611 Antiochenum
965 4564 1010 4612 sub
1022 4560 1159 4613 Theodoto.
