<?xml version="1.0" encoding="UTF-8"?>
<!DOCTYPE html PUBLIC "-//W3C//DTD XHTML 1.0 Transitional//EN"
    "http://www.w3.org/TR/xhtml1/DTD/xhtml1-transitional.dtd">
<html xmlns="http://www.w3.org/1999/xhtml" xml:lang="en" lang="en">
 <head>
  <title>
</title>
<meta http-equiv="Content-Type" content="text/html;charset=utf-8" />
  <meta name='ocr-system' content='tesseract 3.04.00' />
  <meta name='ocr-capabilities' content='ocr_page ocr_carea ocr_par ocr_line ocrx_word'/>
</head>
<body>
  <div class='ocr_page' id='page_1' title='image "./theologidogmati01kenrgoog_0149.png"; bbox 0 0 2730 5018; ppageno 0'>
   <div class='ocr_carea' id='block_1_1' title="bbox 85 284 949 350">
    <p class='ocr_par' dir='ltr' id='par_1_1' title="bbox 85 284 949 350">
     <span class='ocr_line' id='line_1_1' title="bbox 85 284 949 350; baseline 0.001 -4"><span class='ocrx_word' id='word_1_1' title='bbox 85 288 142 347; x_wconf 70' lang='lat' dir='ltr'><strong><em>m</em></strong></span> <span class='ocrx_word' id='word_1_2' title='bbox 419 286 476 350; x_wconf 74' lang='lat' dir='ltr'><strong>Im</strong></span> <span class='ocrx_word' id='word_1_3' title='bbox 496 286 595 349; x_wconf 69' lang='grc' dir='ltr'><strong>ΗΒΕ</strong></span> <span class='ocrx_word' id='word_1_4' title='bbox 617 284 949 348; x_wconf 62' lang='lat' dir='ltr'><strong>snus-mmm</strong></span> 
     </span>
    </p>
   </div>
   <div class='ocr_carea' id='block_1_2' title="bbox 59 438 1321 4154">
    <p class='ocr_par' dir='ltr' id='par_1_2' title="bbox 85 438 1306 807">
     <span class='ocr_line' id='line_1_2' title="bbox 87 438 1306 522; baseline 0 -20"><span class='ocrx_word' id='word_1_5' title='bbox 87 440 215 503; x_wconf 76' lang='lat' dir='ltr'><strong>Patrein</strong></span> <span class='ocrx_word' id='word_1_6' title='bbox 228 443 379 522; x_wconf 82' lang='lat' dir='ltr'><strong>virginem,</strong></span> <span class='ocrx_word' id='word_1_7' title='bbox 394 455 473 504; x_wconf 84' lang='lat' dir='ltr'><strong>etex</strong></span> <span class='ocrx_word' id='word_1_8' title='bbox 485 463 521 503; x_wconf 82' lang='lat' dir='ltr'><strong>aa</strong></span> <span class='ocrx_word' id='word_1_9' title='bbox 542 453 642 504; x_wconf 89' lang='lat' dir='ltr'><strong>natum</strong></span> <span class='ocrx_word' id='word_1_10' title='bbox 664 443 813 503; x_wconf 82' lang='lat' dir='ltr'><strong>bominem</strong></span> <span class='ocrx_word' id='word_1_11' title='bbox 827 453 857 502; x_wconf 86' lang='lat' dir='ltr'><strong>et</strong></span> <span class='ocrx_word' id='word_1_12' title='bbox 868 442 978 512; x_wconf 67' lang='lat' dir='ltr'><strong>Deum</strong></span> <span class='ocrx_word' id='word_1_13' title='bbox 990 442 1085 504; x_wconf 74' lang='lat' dir='ltr'><strong>flium</strong></span> <span class='ocrx_word' id='word_1_14' title='bbox 1106 438 1245 503; x_wconf 78' lang='lat' dir='ltr'><strong>heminis</strong></span> <span class='ocrx_word' id='word_1_15' title='bbox 1262 438 1306 502; x_wconf 64' lang='grc' dir='ltr'>αι’</span> 
     </span>
     <span class='ocr_line' id='line_1_3' title="bbox 86 534 1295 617; baseline 0.002 -23"><span class='ocrx_word' id='word_1_16' title='bbox 86 537 177 596; x_wconf 88' lang='lat' dir='ltr'><strong>lilium</strong></span> <span class='ocrx_word' id='word_1_17' title='bbox 191 537 259 607; x_wconf 86' lang='lat' dir='ltr'><strong>Dei,</strong></span> <span class='ocrx_word' id='word_1_18' title='bbox 272 548 302 596; x_wconf 89' lang='lat' dir='ltr'><strong>at</strong></span> <span class='ocrx_word' id='word_1_19' title='bbox 314 540 546 617; x_wconf 63' lang='lat' dir='ltr'><strong>comminatum</strong></span> <span class='ocrx_word' id='word_1_20' title='bbox 555 536 658 597; x_wconf 87' lang='lat' dir='ltr'><strong>Jesum</strong></span> <span class='ocrx_word' id='word_1_21' title='bbox 672 536 857 596; x_wconf 89' lang='lat' dir='ltr'><strong>Christum.”</strong></span> <span class='ocrx_word' id='word_1_22' title='bbox 880 546 900 575; x_wconf 81' lang='lat'><strong>⁴⁴</strong></span> <span class='ocrx_word' id='word_1_23' title='bbox 911 537 998 596; x_wconf 86' lang='lat' dir='ltr'><strong>Hanc</strong></span> <span class='ocrx_word' id='word_1_24' title='bbox 1008 538 1142 617; x_wconf 84' lang='lat' dir='ltr'><strong>regulam</strong></span> <span class='ocrx_word' id='word_1_25' title='bbox 1155 536 1196 595; x_wconf 85' lang='lat' dir='ltr'><strong>ab</strong></span> <span class='ocrx_word' id='word_1_26' title='bbox 1208 534 1295 597; x_wconf 75' lang='lat' dir='ltr'><strong>mito</strong></span> 
     </span>
     <span class='ocr_line' id='line_1_4' title="bbox 86 632 1295 712; baseline -0.002 -19"><span class='ocrx_word' id='word_1_27' title='bbox 86 633 237 712; x_wconf 82' lang='lat' dir='ltr'><strong>Evangelii</strong></span> <span class='ocrx_word' id='word_1_28' title='bbox 251 635 457 703; x_wconf 67' lang='lat' dir='ltr'>decucurrisse,</span> <span class='ocrx_word' id='word_1_29' title='bbox 470 636 558 693; x_wconf 84' lang='lat' dir='ltr'><strong>etiam</strong></span> <span class='ocrx_word' id='word_1_30' title='bbox 570 643 636 693; x_wconf 87' lang='lat' dir='ltr'><strong>ante</strong></span> <span class='ocrx_word' id='word_1_31' title='bbox 649 634 762 712; x_wconf 88' lang='lat' dir='ltr'><strong>priores</strong></span> <span class='ocrx_word' id='word_1_32' title='bbox 774 651 906 708; x_wconf 81' lang='lat' dir='ltr'><strong>quosque</strong></span> <span class='ocrx_word' id='word_1_33' title='bbox 918 632 1082 704; x_wconf 60' lang='lat' dir='ltr'><strong>haeredem</strong></span> <span class='ocrx_word' id='word_1_34' title='bbox 1096 632 1213 694; x_wconf 81' lang='lat' dir='ltr'><strong>uadum</strong></span> <span class='ocrx_word' id='word_1_35' title='bbox 1224 639 1295 691; x_wconf 82' lang='lat' dir='ltr'><strong>ants</strong></span> 
     </span>
     <span class='ocr_line' id='line_1_5' title="bbox 85 728 1292 807; baseline -0.001 -19"><span class='ocrx_word' id='word_1_36' title='bbox 85 728 226 789; x_wconf 84' lang='lat' dir='ltr'><strong>Praxeam</strong></span> <span class='ocrx_word' id='word_1_37' title='bbox 248 731 424 801; x_wconf 88' lang='lat' dir='ltr'><strong>hesternum,</strong></span> <span class='ocrx_word' id='word_1_38' title='bbox 440 731 572 806; x_wconf 73' lang='lat' dir='ltr'><strong>probabit</strong></span> <span class='ocrx_word' id='word_1_39' title='bbox 584 739 642 788; x_wconf 80' lang='grc' dir='ltr'>ιιιιι</span> <span class='ocrx_word' id='word_1_40' title='bbox 662 730 727 806; x_wconf 86' lang='lat' dir='ltr'><strong>ipsa</strong></span> <span class='ocrx_word' id='word_1_41' title='bbox 746 730 897 807; x_wconf 69' lang='lat' dir='ltr'><strong>posteritas</strong></span> <span class='ocrx_word' id='word_1_42' title='bbox 921 730 1052 790; x_wconf 72' lang='grc' dir='ltr'>οιιιιίιιιι</span> <span class='ocrx_word' id='word_1_43' title='bbox 1070 729 1292 797; x_wconf 67' lang='lat' dir='ltr'><strong>hemicorum,</strong></span> 
     </span>
    </p>

    <p class='ocr_par' dir='ltr' id='par_1_3' title="bbox 85 825 1295 1000">
     <span class='ocr_line' id='line_1_6' title="bbox 85 825 1295 904; baseline -0.001 -20"><span class='ocrx_word' id='word_1_44' title='bbox 85 843 171 899; x_wconf 84' lang='lat' dir='ltr'><strong>qnam</strong></span> <span class='ocrx_word' id='word_1_45' title='bbox 186 827 252 904; x_wconf 89' lang='lat' dir='ltr'><strong>ipsa</strong></span> <span class='ocrx_word' id='word_1_46' title='bbox 264 827 414 886; x_wconf 75' lang='lat' dir='ltr'><strong>novellitas</strong></span> <span class='ocrx_word' id='word_1_47' title='bbox 430 826 549 885; x_wconf 78' lang='lat' dir='ltr'><strong>Praxeoe</strong></span> <span class='ocrx_word' id='word_1_48' title='bbox 569 826 708 884; x_wconf 88' lang='lat' dir='ltr'><strong>heatemi.</strong></span> <span class='ocrx_word' id='word_1_49' title='bbox 748 826 814 893; x_wconf 83' lang='lat' dir='ltr'><strong>Quo</strong></span> <span class='ocrx_word' id='word_1_50' title='bbox 836 843 971 904; x_wconf 81' lang='lat' dir='ltr'><strong>psraeque</strong></span> <span class='ocrx_word' id='word_1_51' title='bbox 983 826 1123 886; x_wconf 81' lang='lat' dir='ltr'><strong>adversus</strong></span> <span class='ocrx_word' id='word_1_52' title='bbox 1135 825 1295 884; x_wconf 71' lang='lat' dir='ltr'><strong>anisam</strong></span> 
     </span>
     <span class='ocr_line' id='line_1_7' title="bbox 85 920 1291 1000; baseline -0.002 -20"><span class='ocrx_word' id='word_1_53' title='bbox 85 921 209 980; x_wconf 80' lang='lat' dir='ltr'><strong>hareses</strong></span> <span class='ocrx_word' id='word_1_54' title='bbox 225 923 288 1000; x_wconf 88' lang='lat' dir='ltr'><strong>jam</strong></span> <span class='ocrx_word' id='word_1_55' title='bbox 300 922 370 982; x_wconf 85' lang='lat' dir='ltr'><strong>hine</strong></span> <span class='ocrx_word' id='word_1_56' title='bbox 389 921 604 1000; x_wconf 73' lang='lat' dir='ltr'><strong>prejudicatum</strong></span> <span class='ocrx_word' id='word_1_57' title='bbox 618 922 665 989; x_wconf 88' lang='lat' dir='ltr'><strong>sit,</strong></span> <span class='ocrx_word' id='word_1_58' title='bbox 680 920 710 979; x_wconf 91' lang='lat' dir='ltr'><strong>id</strong></span> <span class='ocrx_word' id='word_1_59' title='bbox 730 939 796 980; x_wconf 88' lang='lat' dir='ltr'><strong>esse</strong></span> <span class='ocrx_word' id='word_1_60' title='bbox 807 940 908 981; x_wconf 84' lang='lat' dir='ltr'><strong>rernm</strong></span> <span class='ocrx_word' id='word_1_61' title='bbox 922 921 1125 996; x_wconf 69' lang='lat' dir='ltr'><strong>quodamque</strong></span> <span class='ocrx_word' id='word_1_62' title='bbox 1137 921 1291 999; x_wconf 74' lang='lat' dir='ltr'><strong>primum</strong></span> 
     </span>
    </p>

    <p class='ocr_par' dir='ltr' id='par_1_4' title="bbox 84 1014 1305 1192">
     <span class='ocr_line' id='line_1_8' title="bbox 84 1014 1305 1095; baseline -0.002 -20"><span class='ocrx_word' id='word_1_63' title='bbox 84 1017 115 1076; x_wconf 93' lang='lat' dir='ltr'><strong>id</strong></span> <span class='ocrx_word' id='word_1_64' title='bbox 127 1035 193 1075; x_wconf 88' lang='lat' dir='ltr'><strong>csse</strong></span> <span class='ocrx_word' id='word_1_65' title='bbox 215 1017 373 1077; x_wconf 89' lang='lat' dir='ltr'><strong>adulterum</strong></span> <span class='ocrx_word' id='word_1_66' title='bbox 387 1017 589 1092; x_wconf 86' lang='lat' dir='ltr'><strong>quodcumque</strong></span> <span class='ocrx_word' id='word_1_67' title='bbox 608 1017 798 1093; x_wconf 81' lang='lat' dir='ltr'><strong>pesterina.”¹</strong></span> <span class='ocrx_word' id='word_1_68' title='bbox 838 1016 998 1076; x_wconf 75' lang='lat' dir='ltr'><strong>Constabat</strong></span> <span class='ocrx_word' id='word_1_69' title='bbox 1015 1016 1104 1095; x_wconf 88' lang='lat' dir='ltr'><strong>igitur</strong></span> <span class='ocrx_word' id='word_1_70' title='bbox 1122 1014 1234 1093; x_wconf 83' lang='lat' dir='ltr'><strong>dogma</strong></span> <span class='ocrx_word' id='word_1_71' title='bbox 1253 1014 1305 1073; x_wconf 85' lang='lat' dir='ltr'><strong>ab·</strong></span> 
     </span>
     <span class='ocr_line' id='line_1_9' title="bbox 86 1102 1291 1192; baseline -0.002 -21"><span class='ocrx_word' id='word_1_72' title='bbox 86 1115 169 1173; x_wconf 88' lang='lat' dir='ltr'><strong>initio</strong></span> <span class='ocrx_word' id='word_1_73' title='bbox 177 1113 310 1173; x_wconf 87' lang='lat' dir='ltr'><strong>traditum</strong></span> <span class='ocrx_word' id='word_1_74' title='bbox 319 1133 395 1182; x_wconf 85' lang='lat' dir='ltr'><strong>essa,</strong></span> <span class='ocrx_word' id='word_1_75' title='bbox 406 1123 436 1172; x_wconf 90' lang='lat' dir='ltr'><strong>et</strong></span> <span class='ocrx_word' id='word_1_76' title='bbox 449 1113 523 1192; x_wconf 89' lang='lat' dir='ltr'><strong>apud</strong></span> <span class='ocrx_word' id='word_1_77' title='bbox 537 1130 638 1172; x_wconf 88' lang='lat' dir='ltr'><strong>omnes</strong></span> <span class='ocrx_word' id='word_1_78' title='bbox 652 1112 753 1172; x_wconf 87' lang='lat' dir='ltr'><strong>fideles</strong></span> <span class='ocrx_word' id='word_1_79' title='bbox 765 1124 935 1190; x_wconf 73' lang='lat' dir='ltr'><strong>receptum:</strong></span> <span class='ocrx_word' id='word_1_80' title='bbox 947 1102 1006 1172; x_wconf 81' lang='lat' dir='ltr'><strong>nac</strong></span> <span class='ocrx_word' id='word_1_81' title='bbox 1013 1113 1072 1191; x_wconf 86' lang='lat' dir='ltr'><strong>agit</strong></span> <span class='ocrx_word' id='word_1_82' title='bbox 1083 1110 1291 1171; x_wconf 81' lang='lat' dir='ltr'><strong>Tertullianus</strong></span> 
     </span>
    </p>

    <p class='ocr_par' dir='ltr' id='par_1_5' title="bbox 84 1208 1302 1478">
     <span class='ocr_line' id='line_1_10' title="bbox 85 1208 1296 1279; baseline -0.002 -10"><span class='ocrx_word' id='word_1_83' title='bbox 85 1220 184 1269; x_wconf 87' lang='lat' dir='ltr'><strong>contra</strong></span> <span class='ocrx_word' id='word_1_84' title='bbox 191 1211 367 1279; x_wconf 84' lang='lat' dir='ltr'><strong>Ebionitam,</strong></span> <span class='ocrx_word' id='word_1_85' title='bbox 380 1210 528 1269; x_wconf 78' lang='lat' dir='ltr'><strong>Christum</strong></span> <span class='ocrx_word' id='word_1_86' title='bbox 539 1228 647 1268; x_wconf 84' lang='lat' dir='ltr'><strong>merum</strong></span> <span class='ocrx_word' id='word_1_87' title='bbox 657 1210 803 1269; x_wconf 80' lang='lat' dir='ltr'><strong>huminem</strong></span> <span class='ocrx_word' id='word_1_88' title='bbox 812 1208 966 1279; x_wconf 74' lang='lat' dir='ltr'><strong>dicente·</strong></span> <span class='ocrx_word' id='word_1_89' title='bbox 974 1208 1296 1268; x_wconf 62' lang='lat' dir='ltr'><strong>”deonhaPraxeaut</strong></span> 
     </span>
     <span class='ocr_line' id='line_1_11' title="bbox 85 1300 1302 1381; baseline -0.001 -19"><span class='ocrx_word' id='word_1_90' title='bbox 85 1305 145 1378; x_wconf 88' lang='lat' dir='ltr'><strong>qui,</strong></span> <span class='ocrx_word' id='word_1_91' title='bbox 160 1321 344 1381; x_wconf 83' lang='lat' dir='ltr'><strong>personarum</strong></span> <span class='ocrx_word' id='word_1_92' title='bbox 359 1305 467 1364; x_wconf 86' lang='lat' dir='ltr'><strong>sublata</strong></span> <span class='ocrx_word' id='word_1_93' title='bbox 481 1305 697 1372; x_wconf 52' lang='lat' dir='ltr'><strong>distinctiones</strong></span> <span class='ocrx_word' id='word_1_94' title='bbox 687 1322 785 1380; x_wconf 82' lang='lat' dir='ltr'><strong>ipsum</strong></span> <span class='ocrx_word' id='word_1_95' title='bbox 806 1322 872 1362; x_wconf 87' lang='lat' dir='ltr'><strong>ease</strong></span> <span class='ocrx_word' id='word_1_96' title='bbox 892 1303 990 1363; x_wconf 84' lang='lat' dir='ltr'><strong>Deum</strong></span> <span class='ocrx_word' id='word_1_97' title='bbox 1009 1304 1161 1372; x_wconf 77' lang='lat' dir='ltr'><strong>fatebatur,</strong></span> <span class='ocrx_word' id='word_1_98' title='bbox 1176 1300 1302 1362; x_wconf 74' lang='lat' dir='ltr'><strong>niman·</strong></span> 
     </span>
     <span class='ocr_line' id='line_1_12' title="bbox 84 1396 1299 1478; baseline -0.001 -20"><span class='ocrx_word' id='word_1_99' title='bbox 84 1408 226 1468; x_wconf 81' lang='lat' dir='ltr'><strong>vocatum,</strong></span> <span class='ocrx_word' id='word_1_100' title='bbox 241 1418 329 1476; x_wconf 89' lang='lat' dir='ltr'><strong>quum</strong></span> <span class='ocrx_word' id='word_1_101' title='bbox 353 1411 383 1458; x_wconf 90' lang='lat' dir='ltr'><strong>et</strong></span> <span class='ocrx_word' id='word_1_102' title='bbox 402 1401 497 1468; x_wconf 85' lang='lat' dir='ltr'><strong>Pater,</strong></span> <span class='ocrx_word' id='word_1_103' title='bbox 512 1410 541 1457; x_wconf 90' lang='lat' dir='ltr'><strong>et</strong></span> <span class='ocrx_word' id='word_1_104' title='bbox 562 1399 688 1477; x_wconf 82' lang='lat' dir='ltr'><strong>Spiritus</strong></span> <span class='ocrx_word' id='word_1_105' title='bbox 702 1400 825 1458; x_wconf 81' lang='lat' dir='ltr'><strong>Sanctus</strong></span> <span class='ocrx_word' id='word_1_106' title='bbox 849 1399 946 1460; x_wconf 79' lang='lat' dir='ltr'><strong>vocari</strong></span> <span class='ocrx_word' id='word_1_107' title='bbox 965 1408 1084 1478; x_wconf 87' lang='lat' dir='ltr'><strong>posset,</strong></span> <span class='ocrx_word' id='word_1_108' title='bbox 1102 1400 1158 1458; x_wconf 87' lang='lat' dir='ltr'><strong>tria</strong></span> <span class='ocrx_word' id='word_1_109' title='bbox 1177 1396 1299 1477; x_wconf 86' lang='lat' dir='ltr'><strong>qnippe</strong></span> 
     </span>
    </p>

    <p class='ocr_par' dir='ltr' id='par_1_6' title="bbox 84 1490 1290 1572">
     <span class='ocr_line' id='line_1_13' title="bbox 84 1490 1290 1572; baseline 0 -21"><span class='ocrx_word' id='word_1_110' title='bbox 84 1495 201 1552; x_wconf 86' lang='lat' dir='ltr'><strong>nomina</strong></span> <span class='ocrx_word' id='word_1_111' title='bbox 214 1513 300 1552; x_wconf 88' lang='lat' dir='ltr'><strong>uuam</strong></span> <span class='ocrx_word' id='word_1_112' title='bbox 314 1513 476 1571; x_wconf 78' lang='lat' dir='ltr'><strong>personam,</strong></span> <span class='ocrx_word' id='word_1_113' title='bbox 487 1495 562 1552; x_wconf 87' lang='lat' dir='ltr'><strong>sicut</strong></span> <span class='ocrx_word' id='word_1_114' title='bbox 574 1504 603 1550; x_wconf 88' lang='lat' dir='ltr'><strong>et</strong></span> <span class='ocrx_word' id='word_1_115' title='bbox 615 1494 779 1562; x_wconf 76' lang='lat' dir='ltr'><strong>essentiam,</strong></span> <span class='ocrx_word' id='word_1_116' title='bbox 793 1493 943 1572; x_wconf 90' lang='lat' dir='ltr'><strong>designare</strong></span> <span class='ocrx_word' id='word_1_117' title='bbox 956 1493 1077 1553; x_wconf 80' lang='lat' dir='ltr'><strong>dicebat.</strong></span> <span class='ocrx_word' id='word_1_118' title='bbox 1119 1492 1236 1551; x_wconf 79' lang='lat' dir='ltr'><strong>Christi</strong></span> <span class='ocrx_word' id='word_1_119' title='bbox 1245 1490 1290 1551; x_wconf 90' lang='lat' dir='ltr'><strong>di·</strong></span> 
     </span>
    </p>

    <p class='ocr_par' dir='ltr' id='par_1_7' title="bbox 83 1590 1291 1754">
     <span class='ocr_line' id='line_1_14' title="bbox 84 1590 1291 1669; baseline -0.001 -21"><span class='ocrx_word' id='word_1_120' title='bbox 84 1591 187 1649; x_wconf 82' lang='lat' dir='ltr'><strong>vinitas</strong></span> <span class='ocrx_word' id='word_1_121' title='bbox 209 1591 239 1650; x_wconf 91' lang='lat' dir='ltr'><strong>in</strong></span> <span class='ocrx_word' id='word_1_122' title='bbox 262 1591 395 1650; x_wconf 86' lang='lat' dir='ltr'><strong>coniesso</strong></span> <span class='ocrx_word' id='word_1_123' title='bbox 415 1592 490 1668; x_wconf 89' lang='lat' dir='ltr'><strong>apud</strong></span> <span class='ocrx_word' id='word_1_124' title='bbox 515 1610 616 1649; x_wconf 88' lang='lat' dir='ltr'><strong>ornnes</strong></span> <span class='ocrx_word' id='word_1_125' title='bbox 639 1601 709 1659; x_wconf 87' lang='lat' dir='ltr'><strong>erat,</strong></span> <span class='ocrx_word' id='word_1_126' title='bbox 733 1590 876 1651; x_wconf 82' lang='lat' dir='ltr'><strong>Catholici</strong></span> <span class='ocrx_word' id='word_1_127' title='bbox 898 1591 1015 1669; x_wconf 89' lang='lat' dir='ltr'><strong>quippe,</strong></span> <span class='ocrx_word' id='word_1_128' title='bbox 1039 1591 1239 1658; x_wconf 80' lang='lat' dir='ltr'><strong>Moutauistae,</strong></span> <span class='ocrx_word' id='word_1_129' title='bbox 1260 1598 1291 1647; x_wconf 90' lang='lat' dir='ltr'><strong>et</strong></span> 
     </span>
     <span class='ocr_line' id='line_1_15' title="bbox 83 1684 1290 1754; baseline -0.001 -10"><span class='ocrx_word' id='word_1_130' title='bbox 83 1686 203 1744; x_wconf 78' lang='lat' dir='ltr'><strong>Praxeae</strong></span> <span class='ocrx_word' id='word_1_131' title='bbox 217 1695 371 1744; x_wconf 77' lang='lat' dir='ltr'><strong>sectatores</strong></span> <span class='ocrx_word' id='word_1_132' title='bbox 386 1705 452 1744; x_wconf 91' lang='lat' dir='ltr'><strong>eum</strong></span> <span class='ocrx_word' id='word_1_133' title='bbox 468 1703 567 1744; x_wconf 88' lang='lat' dir='ltr'><strong>verum</strong></span> <span class='ocrx_word' id='word_1_134' title='bbox 581 1704 646 1743; x_wconf 87' lang='lat' dir='ltr'><strong>esse</strong></span> <span class='ocrx_word' id='word_1_135' title='bbox 668 1685 763 1744; x_wconf 88' lang='lat' dir='ltr'><strong>Deum</strong></span> <span class='ocrx_word' id='word_1_136' title='bbox 778 1686 836 1744; x_wconf 85' lang='lat' dir='ltr'><strong>alta</strong></span> <span class='ocrx_word' id='word_1_137' title='bbox 846 1705 917 1745; x_wconf 81' lang='lat' dir='ltr'><strong>vace</strong></span> <span class='ocrx_word' id='word_1_138' title='bbox 927 1686 1112 1754; x_wconf 67' lang='lat' dir='ltr'><strong>clamabanta</strong></span> <span class='ocrx_word' id='word_1_139' title='bbox 1127 1686 1158 1745; x_wconf 87' lang='lat' dir='ltr'><strong>in</strong></span> <span class='ocrx_word' id='word_1_140' title='bbox 1172 1703 1209 1744; x_wconf 87' lang='lat' dir='ltr'><strong>eo</strong></span> <span class='ocrx_word' id='word_1_141' title='bbox 1229 1684 1290 1743; x_wconf 87' lang='lat' dir='ltr'><strong>dis·</strong></span> 
     </span>
    </p>

    <p class='ocr_par' dir='ltr' id='par_1_8' title="bbox 83 1779 1289 1859">
     <span class='ocr_line' id='line_1_16' title="bbox 83 1779 1289 1859; baseline -0.002 -20"><span class='ocrx_word' id='word_1_142' title='bbox 83 1779 185 1839; x_wconf 80' lang='lat' dir='ltr'><strong>sordes</strong></span> <span class='ocrx_word' id='word_1_143' title='bbox 199 1779 276 1854; x_wconf 87' lang='lat' dir='ltr'><strong>quod</strong></span> <span class='ocrx_word' id='word_1_144' title='bbox 300 1780 441 1838; x_wconf 84' lang='lat' dir='ltr'><strong>Praxeani</strong></span> <span class='ocrx_word' id='word_1_145' title='bbox 456 1799 523 1837; x_wconf 89' lang='lat' dir='ltr'><strong>eum</strong></span> <span class='ocrx_word' id='word_1_146' title='bbox 545 1798 610 1838; x_wconf 87' lang='lat' dir='ltr'><strong>cnm</strong></span> <span class='ocrx_word' id='word_1_147' title='bbox 633 1781 717 1839; x_wconf 88' lang='lat' dir='ltr'><strong>Patre</strong></span> <span class='ocrx_word' id='word_1_148' title='bbox 738 1779 954 1848; x_wconf 83' lang='lat' dir='ltr'><strong>confunderent,</strong></span> <span class='ocrx_word' id='word_1_149' title='bbox 968 1797 1056 1854; x_wconf 87' lang='lat' dir='ltr'><strong>quem</strong></span> <span class='ocrx_word' id='word_1_150' title='bbox 1078 1796 1200 1859; x_wconf 82' lang='lat' dir='ltr'><strong>passum</strong></span> <span class='ocrx_word' id='word_1_151' title='bbox 1219 1794 1289 1837; x_wconf 84' lang='lat' dir='ltr'><strong>esse</strong></span> 
     </span>
    </p>

    <p class='ocr_par' dir='ltr' id='par_1_9' title="bbox 83 1872 1284 1953">
     <span class='ocr_line' id='line_1_17' title="bbox 83 1872 1284 1953; baseline -0.002 -18"><span class='ocrx_word' id='word_1_152' title='bbox 83 1876 203 1953; x_wconf 84' lang='lat' dir='ltr'><strong>proinde</strong></span> <span class='ocrx_word' id='word_1_153' title='bbox 227 1876 367 1944; x_wconf 88' lang='lat' dir='ltr'><strong>dicebaut,</strong></span> <span class='ocrx_word' id='word_1_154' title='bbox 392 1875 620 1953; x_wconf 79' lang='lat' dir='ltr'><strong>Patripoaat&#39;nni</strong></span> <span class='ocrx_word' id='word_1_155' title='bbox 641 1875 749 1934; x_wconf 88' lang='lat' dir='ltr'><strong>ideireo</strong></span> <span class='ocrx_word' id='word_1_156' title='bbox 770 1874 857 1934; x_wconf 87' lang='lat' dir='ltr'><strong>dicti:</strong></span> <span class='ocrx_word' id='word_1_157' title='bbox 886 1877 922 1934; x_wconf 88' lang='lat' dir='ltr'><strong>ds</strong></span> <span class='ocrx_word' id='word_1_158' title='bbox 942 1876 1055 1935; x_wconf 87' lang='lat' dir='ltr'><strong>Praxsa</strong></span> <span class='ocrx_word' id='word_1_159' title='bbox 1076 1877 1187 1953; x_wconf 89' lang='lat' dir='ltr'><strong>quippe</strong></span> <span class='ocrx_word' id='word_1_160' title='bbox 1207 1872 1284 1933; x_wconf 85' lang='lat' dir='ltr'><strong>dicit</strong></span> 
     </span>
    </p>

    <p class='ocr_par' dir='ltr' id='par_1_10' title="bbox 84 1968 1289 2050">
     <span class='ocr_line' id='line_1_18' title="bbox 84 1968 1289 2050; baseline -0.001 -20"><span class='ocrx_word' id='word_1_161' title='bbox 84 1973 295 2033; x_wconf 79' lang='lat' dir='ltr'><strong>&#39;l&#39;ertullianusz</strong></span> <span class='ocrx_word' id='word_1_162' title='bbox 318 1982 338 2011; x_wconf 79' lang='lat'><strong>⁴⁴</strong></span> <span class='ocrx_word' id='word_1_163' title='bbox 352 1973 466 2031; x_wconf 89' lang='lat' dir='ltr'><strong>Patrem</strong></span> <span class='ocrx_word' id='word_1_164' title='bbox 479 1972 653 2031; x_wconf 86' lang='lat' dir='ltr'><strong>crucifixit.”</strong></span> <span class='ocrx_word' id='word_1_165' title='bbox 677 1972 718 2030; x_wconf 89' lang='lat' dir='ltr'><strong>Hi</strong></span> <span class='ocrx_word' id='word_1_166' title='bbox 729 1973 858 2050; x_wconf 61' lang='lat' dir='ltr'><strong>plerisque</strong></span> <span class='ocrx_word' id='word_1_167' title='bbox 870 1971 1016 2049; x_wconf 90' lang='lat' dir='ltr'><strong>simplices</strong></span> <span class='ocrx_word' id='word_1_168' title='bbox 1029 1982 1120 2040; x_wconf 87' lang='lat' dir='ltr'><strong>erant,</strong></span> <span class='ocrx_word' id='word_1_169' title='bbox 1135 1980 1166 2029; x_wconf 90' lang='lat' dir='ltr'><strong>et</strong></span> <span class='ocrx_word' id='word_1_170' title='bbox 1177 1968 1289 2040; x_wconf 81' lang='lat' dir='ltr'><strong>idiotas,</strong></span> 
     </span>
    </p>

    <p class='ocr_par' dir='ltr' id='par_1_11' title="bbox 83 2069 1297 2240">
     <span class='ocr_line' id='line_1_19' title="bbox 83 2069 1297 2147; baseline -0.003 -18"><span class='ocrx_word' id='word_1_171' title='bbox 83 2071 159 2128; x_wconf 80' lang='lat' dir='ltr'><strong>aiem</strong></span> <span class='ocrx_word' id='word_1_172' title='bbox 172 2071 265 2147; x_wconf 84' lang='lat' dir='ltr'><strong>major</strong></span> <span class='ocrx_word' id='word_1_173' title='bbox 277 2088 342 2146; x_wconf 87' lang='lat' dir='ltr'><strong>pars</strong></span> <span class='ocrx_word' id='word_1_174' title='bbox 357 2069 531 2127; x_wconf 83' lang='lat' dir='ltr'><strong>credentium</strong></span> <span class='ocrx_word' id='word_1_175' title='bbox 545 2088 663 2146; x_wconf 87' lang='lat' dir='ltr'><strong>semper</strong></span> <span class='ocrx_word' id='word_1_176' title='bbox 672 2078 735 2136; x_wconf 87' lang='lat' dir='ltr'><strong>est;</strong></span> <span class='ocrx_word' id='word_1_177' title='bbox 751 2088 809 2127; x_wconf 91' lang='lat' dir='ltr'><strong>non</strong></span> <span class='ocrx_word' id='word_1_178' title='bbox 823 2070 880 2147; x_wconf 90' lang='lat' dir='ltr'><strong>ipsi</strong></span> <span class='ocrx_word' id='word_1_179' title='bbox 894 2078 989 2129; x_wconf 88' lang='lat' dir='ltr'><strong>tamen</strong></span> <span class='ocrx_word' id='word_1_180' title='bbox 1003 2069 1095 2146; x_wconf 88' lang='lat' dir='ltr'><strong>major</strong></span> <span class='ocrx_word' id='word_1_181' title='bbox 1109 2087 1175 2145; x_wconf 87' lang='lat' dir='ltr'><strong>pars</strong></span> <span class='ocrx_word' id='word_1_182' title='bbox 1190 2076 1297 2136; x_wconf 75' lang='lat' dir='ltr'><strong>erant,</strong></span> 
     </span>
     <span class='ocr_line' id='line_1_20' title="bbox 83 2160 1294 2240; baseline -0.004 -18"><span class='ocrx_word' id='word_1_183' title='bbox 83 2165 142 2222; x_wconf 89' lang='lat' dir='ltr'><strong>imo</strong></span> <span class='ocrx_word' id='word_1_184' title='bbox 155 2162 191 2222; x_wconf 92' lang='lat' dir='ltr'><strong>ad</strong></span> <span class='ocrx_word' id='word_1_185' title='bbox 205 2163 380 2222; x_wconf 84' lang='lat' dir='ltr'><strong>credentium</strong></span> <span class='ocrx_word' id='word_1_186' title='bbox 394 2181 545 2221; x_wconf 89' lang='lat' dir='ltr'><strong>numeram</strong></span> <span class='ocrx_word' id='word_1_187' title='bbox 568 2182 627 2221; x_wconf 91' lang='grc' dir='ltr'>ιιοιι</span> <span class='ocrx_word' id='word_1_188' title='bbox 648 2165 835 2240; x_wconf 85' lang='lat' dir='ltr'><strong>pertinebant,</strong></span> <span class='ocrx_word' id='word_1_189' title='bbox 852 2162 983 2236; x_wconf 76' lang='lat' dir='ltr'><strong>quamvis</strong></span> <span class='ocrx_word' id='word_1_190' title='bbox 1003 2162 1192 2239; x_wconf 66' lang='lat' dir='ltr'><strong>symbolam,</strong></span> <span class='ocrx_word' id='word_1_191' title='bbox 1204 2160 1294 2237; x_wconf 62' lang='lat' dir='ltr'><strong>duod.</strong></span> 
     </span>
    </p>

    <p class='ocr_par' dir='ltr' id='par_1_12' title="bbox 82 2254 1289 2328">
     <span class='ocr_line' id='line_1_21' title="bbox 82 2254 1289 2328; baseline 0.002 -13"><span class='ocrx_word' id='word_1_192' title='bbox 82 2256 248 2328; x_wconf 83' lang='lat' dir='ltr'><strong>didicerant,</strong></span> <span class='ocrx_word' id='word_1_193' title='bbox 261 2267 339 2315; x_wconf 88' lang='lat' dir='ltr'><strong>esset</strong></span> <span class='ocrx_word' id='word_1_194' title='bbox 351 2258 393 2315; x_wconf 89' lang='lat' dir='ltr'><strong>eis</strong></span> <span class='ocrx_word' id='word_1_195' title='bbox 407 2258 521 2316; x_wconf 87' lang='lat' dir='ltr'><strong>occasio</strong></span> <span class='ocrx_word' id='word_1_196' title='bbox 535 2257 706 2316; x_wconf 83' lang='lat' dir='ltr'><strong>inclamandi</strong></span> <span class='ocrx_word' id='word_1_197' title='bbox 725 2258 779 2316; x_wconf 89' lang='lat' dir='ltr'><strong>Dei</strong></span> <span class='ocrx_word' id='word_1_198' title='bbox 795 2257 1000 2326; x_wconf 82' lang='lat' dir='ltr'><strong>monarchiam,</strong></span> <span class='ocrx_word' id='word_1_199' title='bbox 1014 2254 1095 2316; x_wconf 86' lang='lat' dir='ltr'><strong>ducis</strong></span> <span class='ocrx_word' id='word_1_200' title='bbox 1110 2257 1157 2315; x_wconf 91' lang='lat' dir='ltr'><strong>sui</strong></span> <span class='ocrx_word' id='word_1_201' title='bbox 1171 2259 1289 2317; x_wconf 53' lang='lat' dir='ltr'><strong>rationi&amp;</strong></span> 
     </span>
    </p>

    <p class='ocr_par' dir='ltr' id='par_1_13' title="bbox 59 2332 1287 2438">
     <span class='ocr_line' id='line_1_22' title="bbox 59 2332 1287 2438; baseline 0.001 -21"><span class='ocrx_word' id='word_1_202' title='bbox 59 2332 71 2353; x_wconf 50' lang='lat'>⁸</span> <span class='ocrx_word' id='word_1_203' title='bbox 82 2358 138 2418; x_wconf 89' lang='lat' dir='ltr'><strong>niis</strong></span> <span class='ocrx_word' id='word_1_204' title='bbox 152 2359 274 2438; x_wconf 86' lang='lat' dir='ltr'><strong>decepti.</strong></span> <span class='ocrx_word' id='word_1_205' title='bbox 315 2361 428 2419; x_wconf 83' lang='lat' dir='ltr'><strong>Sectam</strong></span> <span class='ocrx_word' id='word_1_206' title='bbox 439 2360 617 2436; x_wconf 85' lang='lat' dir='ltr'><strong>simplicibus</strong></span> <span class='ocrx_word' id='word_1_207' title='bbox 627 2371 655 2416; x_wconf 89' lang='lat' dir='ltr'><strong>et</strong></span> <span class='ocrx_word' id='word_1_208' title='bbox 664 2359 760 2418; x_wconf 89' lang='lat' dir='ltr'><strong>idiotis</strong></span> <span class='ocrx_word' id='word_1_209' title='bbox 771 2371 901 2418; x_wconf 86' lang='lat' dir='ltr'><strong>constare</strong></span> <span class='ocrx_word' id='word_1_210' title='bbox 910 2358 989 2428; x_wconf 87' lang='lat' dir='ltr'><strong>dicit,</strong></span> <span class='ocrx_word' id='word_1_211' title='bbox 1003 2359 1078 2418; x_wconf 89' lang='lat' dir='ltr'><strong>aient</strong></span> <span class='ocrx_word' id='word_1_212' title='bbox 1087 2359 1174 2419; x_wconf 86' lang='lat' dir='ltr'><strong>etiam</strong></span> <span class='ocrx_word' id='word_1_213' title='bbox 1183 2359 1214 2418; x_wconf 93' lang='lat' dir='ltr'><strong>iu</strong></span> <span class='ocrx_word' id='word_1_214' title='bbox 1226 2348 1287 2419; x_wconf 79' lang='lat' dir='ltr'><strong>Ec·</strong></span> 
     </span>
    </p>

    <p class='ocr_par' dir='ltr' id='par_1_14' title="bbox 83 2450 1287 2532">
     <span class='ocr_line' id='line_1_23' title="bbox 83 2450 1287 2532; baseline 0.001 -19"><span class='ocrx_word' id='word_1_215' title='bbox 83 2454 171 2513; x_wconf 81' lang='lat' dir='ltr'><strong>etesia</strong></span> <span class='ocrx_word' id='word_1_216' title='bbox 183 2455 359 2515; x_wconf 85' lang='lat' dir='ltr'><strong>credentium</strong></span> <span class='ocrx_word' id='word_1_217' title='bbox 372 2454 524 2514; x_wconf 85' lang='lat' dir='ltr'><strong>multitudo</strong></span> <span class='ocrx_word' id='word_1_218' title='bbox 538 2454 703 2532; x_wconf 90' lang='lat' dir='ltr'><strong>hujusmodi</strong></span> <span class='ocrx_word' id='word_1_219' title='bbox 716 2455 894 2524; x_wconf 87' lang='lat' dir='ltr'><strong>hominibus,</strong></span> <span class='ocrx_word' id='word_1_220' title='bbox 903 2450 1013 2513; x_wconf 84' lang='lat' dir='ltr'><strong>scilieet</strong></span> <span class='ocrx_word' id='word_1_221' title='bbox 1023 2472 1081 2513; x_wconf 90' lang='lat' dir='ltr'><strong>nou</strong></span> <span class='ocrx_word' id='word_1_222' title='bbox 1095 2452 1169 2514; x_wconf 86' lang='lat' dir='ltr'><strong>adeo</strong></span> <span class='ocrx_word' id='word_1_223' title='bbox 1181 2454 1287 2514; x_wconf 88' lang='lat' dir='ltr'><strong>litteris</strong></span> 
     </span>
    </p>

    <p class='ocr_par' dir='ltr' id='par_1_15' title="bbox 83 2550 1296 2726">
     <span class='ocr_line' id='line_1_24' title="bbox 83 2550 1296 2632; baseline -0.001 -22"><span class='ocrx_word' id='word_1_224' title='bbox 83 2552 215 2620; x_wconf 85' lang='lat' dir='ltr'><strong>excultis,</strong></span> <span class='ocrx_word' id='word_1_225' title='bbox 227 2553 396 2632; x_wconf 82' lang='lat' dir='ltr'><strong>plerumque</strong></span> <span class='ocrx_word' id='word_1_226' title='bbox 408 2561 528 2611; x_wconf 88' lang='lat' dir='ltr'><strong>constat.</strong></span> <span class='ocrx_word' id='word_1_227' title='bbox 550 2551 695 2609; x_wconf 83' lang='lat' dir='ltr'><strong>Ceterum</strong></span> <span class='ocrx_word' id='word_1_228' title='bbox 706 2551 851 2610; x_wconf 86' lang='lat' dir='ltr'><strong>Catholici</strong></span> <span class='ocrx_word' id='word_1_229' title='bbox 862 2569 977 2623; x_wconf 86' lang='lat' dir='ltr'><strong>omnes,</strong></span> <span class='ocrx_word' id='word_1_230' title='bbox 986 2563 1015 2610; x_wconf 89' lang='lat' dir='ltr'><strong>et</strong></span> <span class='ocrx_word' id='word_1_231' title='bbox 1026 2550 1213 2611; x_wconf 78' lang='lat' dir='ltr'><strong>Montanistn</strong></span> <span class='ocrx_word' id='word_1_232' title='bbox 1228 2552 1296 2629; x_wconf 72' lang='lat' dir='ltr'><strong>ipsi.</strong></span> 
     </span>
     <span class='ocr_line' id='line_1_25' title="bbox 83 2645 1286 2726; baseline 0.002 -22"><span class='ocrx_word' id='word_1_233' title='bbox 83 2646 232 2705; x_wconf 87' lang='lat' dir='ltr'><strong>Trinitatis</strong></span> <span class='ocrx_word' id='word_1_234' title='bbox 246 2646 350 2726; x_wconf 82' lang='lat' dir='ltr'><strong>dogma</strong></span> <span class='ocrx_word' id='word_1_235' title='bbox 359 2656 458 2705; x_wconf 88' lang='lat' dir='ltr'><strong>eontra</strong></span> <span class='ocrx_word' id='word_1_236' title='bbox 468 2645 615 2722; x_wconf 87' lang='lat' dir='ltr'><strong>simplices</strong></span> <span class='ocrx_word' id='word_1_237' title='bbox 626 2646 691 2704; x_wconf 86' lang='lat' dir='ltr'><strong>illos</strong></span> <span class='ocrx_word' id='word_1_238' title='bbox 705 2655 735 2703; x_wconf 88' lang='lat' dir='ltr'><strong>et</strong></span> <span class='ocrx_word' id='word_1_239' title='bbox 751 2645 999 2715; x_wconf 64' lang='lat' dir='ltr'><strong>idiotanttraxeae</strong></span> <span class='ocrx_word' id='word_1_240' title='bbox 1014 2645 1152 2715; x_wconf 84' lang='lat' dir='ltr'><strong>asseclas,</strong></span> <span class='ocrx_word' id='word_1_241' title='bbox 1168 2646 1286 2706; x_wconf 84' lang='lat' dir='ltr'><strong>tueban-</strong></span> 
     </span>
    </p>

    <p class='ocr_par' dir='ltr' id='par_1_16' title="bbox 82 2742 1286 2818">
     <span class='ocr_line' id='line_1_26' title="bbox 82 2742 1286 2818; baseline 0.001 -17"><span class='ocrx_word' id='word_1_242' title='bbox 82 2752 136 2811; x_wconf 82' lang='lat' dir='ltr'><strong>tur.</strong></span> <span class='ocrx_word' id='word_1_243' title='bbox 152 2744 274 2818; x_wconf 71' lang='lat' dir='ltr'><strong>antiquae</strong></span> <span class='ocrx_word' id='word_1_244' title='bbox 288 2743 430 2803; x_wconf 83' lang='lat' dir='ltr'><strong>traditioni</strong></span> <span class='ocrx_word' id='word_1_245' title='bbox 444 2742 643 2801; x_wconf 74' lang='lat' dir='ltr'><strong>adherentes..</strong></span> <span class='ocrx_word' id='word_1_246' title='bbox 674 2742 752 2801; x_wconf 77' lang='lat' dir='ltr'><strong>Toto</strong></span> <span class='ocrx_word' id='word_1_247' title='bbox 766 2743 839 2802; x_wconf 88' lang='lat' dir='ltr'><strong>coelo</strong></span> <span class='ocrx_word' id='word_1_248' title='bbox 862 2744 972 2801; x_wconf 88' lang='lat' dir='ltr'><strong>aberrat</strong></span> <span class='ocrx_word' id='word_1_249' title='bbox 984 2743 1153 2802; x_wconf 87' lang='lat' dir='ltr'><strong>Priestleius</strong></span> <span class='ocrx_word' id='word_1_250' title='bbox 1168 2742 1286 2802; x_wconf 82' lang='lat' dir='ltr'><strong>Tertul-</strong></span> 
     </span>
    </p>

    <p class='ocr_par' dir='ltr' id='par_1_17' title="bbox 81 2837 1297 3011">
     <span class='ocr_line' id='line_1_27' title="bbox 81 2837 1297 2917; baseline -0.002 -18"><span class='ocrx_word' id='word_1_251' title='bbox 81 2839 150 2899; x_wconf 88' lang='lat' dir='ltr'><strong>liani</strong></span> <span class='ocrx_word' id='word_1_252' title='bbox 163 2841 246 2899; x_wconf 85' lang='lat' dir='ltr'><strong>verba</strong></span> <span class='ocrx_word' id='word_1_253' title='bbox 256 2840 292 2899; x_wconf 90' lang='lat' dir='ltr'><strong>de</strong></span> <span class='ocrx_word' id='word_1_254' title='bbox 303 2839 483 2900; x_wconf 90' lang='lat' dir='ltr'><strong>multitudine</strong></span> <span class='ocrx_word' id='word_1_255' title='bbox 497 2838 624 2897; x_wconf 89' lang='lat' dir='ltr'><strong>fidelium</strong></span> <span class='ocrx_word' id='word_1_256' title='bbox 637 2837 786 2897; x_wconf 87' lang='lat' dir='ltr'><strong>Christum</strong></span> <span class='ocrx_word' id='word_1_257' title='bbox 799 2838 894 2897; x_wconf 88' lang='lat' dir='ltr'><strong>Deum</strong></span> <span class='ocrx_word' id='word_1_258' title='bbox 905 2839 1051 2917; x_wconf 83' lang='lat' dir='ltr'><strong>rejiciente</strong></span> <span class='ocrx_word' id='word_1_259' title='bbox 1062 2840 1297 2916; x_wconf 46' lang='lat' dir='ltr'><strong>interpretans&amp;-</strong></span> 
     </span>
     <span class='ocr_line' id='line_1_28' title="bbox 81 2933 1215 3011; baseline -0.003 -16"><span class='ocrx_word' id='word_1_260' title='bbox 81 2954 147 2995; x_wconf 89' lang='lat' dir='ltr'><strong>nam</strong></span> <span class='ocrx_word' id='word_1_261' title='bbox 162 2937 193 2995; x_wconf 94' lang='lat' dir='ltr'><strong>hi</strong></span> <span class='ocrx_word' id='word_1_262' title='bbox 207 2955 307 2995; x_wconf 88' lang='lat' dir='ltr'><strong>omnes</strong></span> <span class='ocrx_word' id='word_1_263' title='bbox 324 2935 473 2994; x_wconf 86' lang='lat' dir='ltr'><strong>“credunt</strong></span> <span class='ocrx_word' id='word_1_264' title='bbox 486 2934 514 2992; x_wconf 92' lang='lat' dir='ltr'><strong>in</strong></span> <span class='ocrx_word' id='word_1_265' title='bbox 529 2934 654 3002; x_wconf 86' lang='lat' dir='ltr'><strong>Patrem,</strong></span> <span class='ocrx_word' id='word_1_266' title='bbox 670 2943 698 2992; x_wconf 92' lang='lat' dir='ltr'><strong>et</strong></span> <span class='ocrx_word' id='word_1_267' title='bbox 712 2934 829 3002; x_wconf 86' lang='lat' dir='ltr'><strong>Filium,</strong></span> <span class='ocrx_word' id='word_1_268' title='bbox 844 2943 874 2992; x_wconf 90' lang='lat' dir='ltr'><strong>et</strong></span> <span class='ocrx_word' id='word_1_269' title='bbox 885 2934 1025 3011; x_wconf 82' lang='lat' dir='ltr'><strong>Spiritum</strong></span> <span class='ocrx_word' id='word_1_270' title='bbox 1040 2933 1215 2993; x_wconf 81' lang='lat' dir='ltr'><strong>Sanctum.”</strong></span> 
     </span>
    </p>

    <p class='ocr_par' dir='ltr' id='par_1_18' title="bbox 79 3029 1321 3492">
     <span class='ocr_line' id='line_1_29' title="bbox 123 3029 1292 3110; baseline 0 -19"><span class='ocrx_word' id='word_1_271' title='bbox 123 3037 190 3091; x_wconf 87' lang='grc'><strong>176.</strong></span> <span class='ocrx_word' id='word_1_272' title='bbox 216 3031 283 3110; x_wconf 82' lang='lat' dir='ltr'><strong>Obj.</strong></span> <span class='ocrx_word' id='word_1_273' title='bbox 298 3036 329 3089; x_wconf 81' lang='lat'><strong>2.</strong></span> <span class='ocrx_word' id='word_1_274' title='bbox 351 3030 448 3089; x_wconf 86' lang='lat' dir='ltr'><strong>Etiam</strong></span> <span class='ocrx_word' id='word_1_275' title='bbox 461 3029 595 3106; x_wconf 83' lang='lat' dir='ltr'><strong>Origenis</strong></span> <span class='ocrx_word' id='word_1_276' title='bbox 606 3040 744 3107; x_wconf 89' lang='lat' dir='ltr'><strong>tempore,</strong></span> <span class='ocrx_word' id='word_1_277' title='bbox 758 3031 826 3089; x_wconf 86' lang='lat' dir='ltr'><strong>licet</strong></span> <span class='ocrx_word' id='word_1_278' title='bbox 839 3030 980 3090; x_wconf 84' lang='lat' dir='ltr'><strong>doctiores</strong></span> <span class='ocrx_word' id='word_1_279' title='bbox 991 3031 1120 3108; x_wconf 85' lang='lat' dir='ltr'><strong>plerique</strong></span> <span class='ocrx_word' id='word_1_280' title='bbox 1132 3030 1292 3091; x_wconf 87' lang='lat' dir='ltr'><strong>Christum·</strong></span> 
     </span>
     <span class='ocr_line' id='line_1_30' title="bbox 81 3127 1286 3204; baseline 0.002 -19"><span class='ocrx_word' id='word_1_281' title='bbox 81 3127 187 3195; x_wconf 88' lang='lat' dir='ltr'><strong>Deum,</strong></span> <span class='ocrx_word' id='word_1_282' title='bbox 202 3128 239 3185; x_wconf 90' lang='lat' dir='ltr'><strong>ob</strong></span> <span class='ocrx_word' id='word_1_283' title='bbox 251 3133 330 3196; x_wconf 73' lang='grc' dir='ltr'>Λογοι</span> <span class='ocrx_word' id='word_1_284' title='bbox 344 3146 360 3185; x_wconf 87' lang='lat' dir='ltr'><strong>a</strong></span> <span class='ocrx_word' id='word_1_285' title='bbox 375 3127 438 3184; x_wconf 91' lang='lat' dir='ltr'><strong>Deo</strong></span> <span class='ocrx_word' id='word_1_286' title='bbox 452 3127 602 3192; x_wconf 84' lang='lat' dir='ltr'><strong>emissum,</strong></span> <span class='ocrx_word' id='word_1_287' title='bbox 616 3127 700 3199; x_wconf 87' lang='lat' dir='ltr'><strong>eique</strong></span> <span class='ocrx_word' id='word_1_288' title='bbox 715 3127 912 3204; x_wconf 84' lang='lat' dir='ltr'><strong>conjunctum,</strong></span> <span class='ocrx_word' id='word_1_289' title='bbox 925 3128 1090 3197; x_wconf 77' lang='lat' dir='ltr'><strong>crederent3</strong></span> <span class='ocrx_word' id='word_1_290' title='bbox 1114 3127 1196 3204; x_wconf 86' lang='lat' dir='ltr'><strong>plebs</strong></span> <span class='ocrx_word' id='word_1_291' title='bbox 1211 3130 1286 3187; x_wconf 90' lang='lat' dir='ltr'><strong>mul·</strong></span> 
     </span>
     <span class='ocr_line' id='line_1_31' title="bbox 80 3219 1298 3295; baseline 0.002 -16"><span class='ocrx_word' id='word_1_292' title='bbox 80 3220 232 3295; x_wconf 88' lang='lat' dir='ltr'><strong>titudoque</strong></span> <span class='ocrx_word' id='word_1_293' title='bbox 240 3220 368 3279; x_wconf 83' lang='lat' dir='ltr'><strong>fidelium</strong></span> <span class='ocrx_word' id='word_1_294' title='bbox 382 3240 471 3278; x_wconf 90' lang='lat' dir='ltr'><strong>unum</strong></span> <span class='ocrx_word' id='word_1_295' title='bbox 486 3220 617 3277; x_wconf 89' lang='lat' dir='ltr'><strong>colebant</strong></span> <span class='ocrx_word' id='word_1_296' title='bbox 631 3219 747 3288; x_wconf 88' lang='lat' dir='ltr'><strong>Deum,</strong></span> <span class='ocrx_word' id='word_1_297' title='bbox 740 3241 746 3254; x_wconf 94' lang='lat'>·</span> <span class='ocrx_word' id='word_1_298' title='bbox 763 3220 912 3281; x_wconf 90' lang='lat' dir='ltr'><strong>Christum</strong></span> <span class='ocrx_word' id='word_1_299' title='bbox 924 3223 1062 3281; x_wconf 88' lang='lat' dir='ltr'><strong>habentes</strong></span> <span class='ocrx_word' id='word_1_300' title='bbox 1077 3222 1227 3282; x_wconf 89' lang='lat' dir='ltr'><strong>hominem</strong></span> <span class='ocrx_word' id='word_1_301' title='bbox 1242 3220 1298 3281; x_wconf 91' lang='lat' dir='ltr'><strong>di·-</strong></span> 
     </span>
     <span class='ocr_line' id='line_1_32' title="bbox 79 3314 1321 3397; baseline 0.002 -21"><span class='ocrx_word' id='word_1_302' title='bbox 79 3319 185 3376; x_wconf 83' lang='lat' dir='ltr'><strong>vinitas</strong></span> <span class='ocrx_word' id='word_1_303' title='bbox 200 3317 350 3376; x_wconf 70' lang='lat' dir='ltr'><strong>afflatum.⁸</strong></span> <span class='ocrx_word' id='word_1_304' title='bbox 392 3318 469 3376; x_wconf 88' lang='lat' dir='ltr'><strong>Hinc</strong></span> <span class='ocrx_word' id='word_1_305' title='bbox 483 3316 606 3374; x_wconf 88' lang='lat' dir='ltr'><strong>consulit</strong></span> <span class='ocrx_word' id='word_1_306' title='bbox 621 3315 761 3392; x_wconf 83' lang='lat' dir='ltr'><strong>Origenes</strong></span> <span class='ocrx_word' id='word_1_307' title='bbox 773 3328 804 3376; x_wconf 92' lang='grc' dir='ltr'><strong>ιιι</strong></span> <span class='ocrx_word' id='word_1_308' title='bbox 817 3317 922 3397; x_wconf 84' lang='lat' dir='ltr'><strong>dogma</strong></span> <span class='ocrx_word' id='word_1_309' title='bbox 933 3317 968 3377; x_wconf 89' lang='lat' dir='ltr'><strong>dc</strong></span> <span class='ocrx_word' id='word_1_310' title='bbox 980 3318 1100 3379; x_wconf 87' lang='lat' dir='ltr'><strong>Verbo</strong></span> <span class='ocrx_word' id='word_1_311' title='bbox 1091 3338 1122 3378; x_wconf 90' lang='grc' dir='ltr'><strong>ιιι</strong></span> <span class='ocrx_word' id='word_1_312' title='bbox 1130 3314 1298 3397; x_wconf 81' lang='lat' dir='ltr'><strong>principio·</strong></span> <span class='ocrx_word' id='word_1_313' title='bbox 1317 3357 1321 3363; x_wconf 93' lang='lat'>-</span> 
     </span>
     <span class='ocr_line' id='line_1_33' title="bbox 79 3412 805 3492; baseline 0 -20"><span class='ocrx_word' id='word_1_314' title='bbox 79 3413 155 3492; x_wconf 88' lang='lat' dir='ltr'><strong>apud</strong></span> <span class='ocrx_word' id='word_1_315' title='bbox 169 3412 265 3473; x_wconf 88' lang='lat' dir='ltr'><strong>Deum</strong></span> <span class='ocrx_word' id='word_1_316' title='bbox 280 3424 388 3474; x_wconf 87' lang='lat' dir='ltr'><strong>tautum</strong></span> <span class='ocrx_word' id='word_1_317' title='bbox 402 3413 503 3491; x_wconf 89' lang='lat' dir='ltr'><strong>spiritu</strong></span> <span class='ocrx_word' id='word_1_318' title='bbox 518 3412 635 3470; x_wconf 87' lang='lat' dir='ltr'><strong>elevatis</strong></span> <span class='ocrx_word' id='word_1_319' title='bbox 658 3412 805 3474; x_wconf 80' lang='lat' dir='ltr'><strong>tradatur.⁴</strong></span> 
     </span>
    </p>

    <p class='ocr_par' dir='ltr' id='par_1_19' title="bbox 77 3456 1296 4154">
     <span class='ocr_line' id='line_1_34' title="bbox 121 3456 1280 3592; baseline -0.001 -20"><span class='ocrx_word' id='word_1_320' title='bbox 121 3515 188 3575; x_wconf 86' lang='grc'><strong>177.</strong></span> <span class='ocrx_word' id='word_1_321' title='bbox 210 3510 298 3592; x_wconf 84' lang='lat' dir='ltr'><strong>Resp.</strong></span> <span class='ocrx_word' id='word_1_322' title='bbox 323 3511 464 3589; x_wconf 87' lang='lat' dir='ltr'><strong>Origenes</strong></span> <span class='ocrx_word' id='word_1_323' title='bbox 488 3515 563 3567; x_wconf 74' lang='lat' dir='ltr'><strong>aare</strong></span> <span class='ocrx_word' id='word_1_324' title='bbox 587 3509 698 3567; x_wconf 86' lang='lat' dir='ltr'><strong>censuit</strong></span> <span class='ocrx_word' id='word_1_325' title='bbox 721 3528 822 3568; x_wconf 83' lang='lat' dir='ltr'><strong>omnes</strong></span> <span class='ocrx_word' id='word_1_326' title='bbox 841 3509 941 3569; x_wconf 85' lang='lat' dir='ltr'><strong>fideles</strong></span> <span class='ocrx_word' id='word_1_327' title='bbox 962 3513 1053 3570; x_wconf 88' lang='lat' dir='ltr'><strong>teneri</strong></span> <span class='ocrx_word' id='word_1_328' title='bbox 1073 3511 1107 3570; x_wconf 88' lang='lat' dir='ltr'><strong>ad</strong></span> <span class='ocrx_word' id='word_1_329' title='bbox 1129 3456 1280 3571; x_wconf 85' lang='lat' dir='ltr'><strong>Christum</strong></span> 
     </span>
     <span class='ocr_line' id='line_1_35' title="bbox 78 3604 1279 3680; baseline 0 -14"><span class='ocrx_word' id='word_1_330' title='bbox 78 3607 175 3667; x_wconf 89' lang='lat' dir='ltr'><strong>Deum</strong></span> <span class='ocrx_word' id='word_1_331' title='bbox 188 3607 381 3677; x_wconf 71' lang='lat' dir='ltr'><strong>credendum</strong></span> <span class='ocrx_word' id='word_1_332' title='bbox 405 3625 494 3680; x_wconf 85' lang='lat' dir='ltr'><strong>quum</strong></span> <span class='ocrx_word' id='word_1_333' title='bbox 508 3604 585 3663; x_wconf 90' lang='lat' dir='ltr'><strong>enim</strong></span> <span class='ocrx_word' id='word_1_334' title='bbox 608 3604 742 3664; x_wconf 87' lang='lat' dir='ltr'><strong>dixisset</strong></span> <span class='ocrx_word' id='word_1_335' title='bbox 752 3605 926 3666; x_wconf 81' lang='lat' dir='ltr'><strong>credendum</strong></span> <span class='ocrx_word' id='word_1_336' title='bbox 939 3624 1004 3666; x_wconf 87' lang='lat' dir='ltr'><strong>esse</strong></span> <span class='ocrx_word' id='word_1_337' title='bbox 1018 3607 1049 3666; x_wconf 91' lang='lat' dir='ltr'><strong>iu</strong></span> <span class='ocrx_word' id='word_1_338' title='bbox 1069 3625 1159 3665; x_wconf 83' lang='lat' dir='ltr'><strong>unum</strong></span> <span class='ocrx_word' id='word_1_339' title='bbox 1181 3606 1279 3666; x_wconf 90' lang='lat' dir='ltr'><strong>Deum</strong></span> 
     </span>
     <span class='ocr_line' id='line_1_36' title="bbox 79 3699 1282 3777; baseline -0.001 -18"><span class='ocrx_word' id='word_1_340' title='bbox 79 3701 255 3761; x_wconf 85' lang='lat' dir='ltr'><strong>conditorem</strong></span> <span class='ocrx_word' id='word_1_341' title='bbox 270 3702 409 3769; x_wconf 89' lang='lat' dir='ltr'><strong>omnium,</strong></span> <span class='ocrx_word' id='word_1_342' title='bbox 425 3699 591 3777; x_wconf 87' lang='lat' dir='ltr'><strong>subjunxit:</strong></span> <span class='ocrx_word' id='word_1_343' title='bbox 613 3721 660 3769; x_wconf 78' lang='grc' dir='ltr'><strong>χρη</strong></span> <span class='ocrx_word' id='word_1_344' title='bbox 672 3702 698 3754; x_wconf 80' lang='grc' dir='ltr'><strong>δι</strong></span> <span class='ocrx_word' id='word_1_345' title='bbox 715 3701 878 3768; x_wconf 62' lang='lat' dir='ltr'><strong>seducerent</strong></span> <span class='ocrx_word' id='word_1_346' title='bbox 894 3702 1033 3772; x_wconf 60' lang='lat' dir='ltr'><strong>dre-amar</strong></span> <span class='ocrx_word' id='word_1_347' title='bbox 1048 3708 1117 3771; x_wconf 64' lang='lat' dir='ltr'><strong>lenas</strong></span> <span class='ocrx_word' id='word_1_348' title='bbox 1127 3707 1227 3771; x_wconf 79' lang='grc' dir='ltr'><strong>Χριςος.</strong></span> <span class='ocrx_word' id='word_1_349' title='bbox 1238 3724 1282 3758; x_wconf 74' lang='lat' dir='ltr'><strong>aas</strong></span> 
     </span>
     <span class='ocr_line' id='line_1_37' title="bbox 77 3794 1296 3867; baseline 0.002 -19"><span class='ocrx_word' id='word_1_350' title='bbox 77 3808 144 3866; x_wconf 62' lang='lat' dir='ltr'><strong>stood</strong></span> <span class='ocrx_word' id='word_1_351' title='bbox 155 3810 189 3867; x_wconf 71' lang='lat' dir='ltr'><strong>sp</strong></span> <span class='ocrx_word' id='word_1_352' title='bbox 201 3813 258 3864; x_wconf 77' lang='lat' dir='ltr'><strong>steps</strong></span> <span class='ocrx_word' id='word_1_353' title='bbox 268 3796 328 3852; x_wconf 70' lang='grc' dir='ltr'>ἀντι</span> <span class='ocrx_word' id='word_1_354' title='bbox 339 3814 406 3852; x_wconf 74' lang='lat' dir='ltr'><strong>surra</strong></span> <span class='ocrx_word' id='word_1_355' title='bbox 422 3816 468 3866; x_wconf 74' lang='grc' dir='ltr'><strong>την</strong></span> <span class='ocrx_word' id='word_1_356' title='bbox 479 3803 597 3866; x_wconf 58' lang='lat' dir='ltr'><strong>beorges,</strong></span> <span class='ocrx_word' id='word_1_357' title='bbox 607 3816 651 3849; x_wconf 80' lang='lat' dir='ltr'><strong>sot</strong></span> <span class='ocrx_word' id='word_1_358' title='bbox 667 3811 713 3864; x_wconf 73' lang='lat' dir='ltr'><strong>sna</strong></span> <span class='ocrx_word' id='word_1_359' title='bbox 729 3802 908 3867; x_wconf 50' lang='lat' dir='ltr'><strong>aripennem</strong></span> <span class='ocrx_word' id='word_1_360' title='bbox 924 3794 1034 3866; x_wconf 65' lang='grc' dir='ltr'>ιἰιηδιιιι·</span> <span class='ocrx_word' id='word_1_361' title='bbox 1050 3797 1124 3850; x_wconf 72' lang='lat' dir='ltr'><strong>drabe</strong></span> <span class='ocrx_word' id='word_1_362' title='bbox 1144 3816 1187 3849; x_wconf 71' lang='lat' dir='ltr'><strong>aas</strong></span> <span class='ocrx_word' id='word_1_363' title='bbox 1196 3798 1232 3858; x_wconf 67' lang='grc' dir='ltr'>ὄις</span> <span class='ocrx_word' id='word_1_364' title='bbox 1251 3813 1296 3851; x_wconf 74' lang='lat' dir='ltr'><strong>ra·</strong></span> 
     </span>
     <span class='ocr_line' id='line_1_38' title="bbox 77 3880 1281 3964; baseline 0.004 -28"><span class='ocrx_word' id='word_1_365' title='bbox 77 3881 379 3954; x_wconf 69' lang='grc' dir='ltr'>ἅγιονπιςιυεωκνευμσ.</span> <span class='ocrx_word' id='word_1_366' title='bbox 401 3886 500 3959; x_wconf 85' lang='lat' dir='ltr'><strong>“quin</strong></span> <span class='ocrx_word' id='word_1_367' title='bbox 525 3884 609 3943; x_wconf 89' lang='lat' dir='ltr'><strong>etiam</strong></span> <span class='ocrx_word' id='word_1_368' title='bbox 631 3882 780 3964; x_wconf 78' lang='lat' dir='ltr'><strong>credamus</strong></span> <span class='ocrx_word' id='word_1_369' title='bbox 801 3900 920 3942; x_wconf 84' lang='lat' dir='ltr'><strong>neeesse</strong></span> <span class='ocrx_word' id='word_1_370' title='bbox 937 3891 983 3941; x_wconf 87' lang='lat' dir='ltr'><strong>eat</strong></span> <span class='ocrx_word' id='word_1_371' title='bbox 1001 3881 1104 3941; x_wconf 87' lang='lat' dir='ltr'><strong>Jesum</strong></span> <span class='ocrx_word' id='word_1_372' title='bbox 1130 3880 1281 3941; x_wconf 88' lang='lat' dir='ltr'><strong>Christum</strong></span> 
     </span>
     <span class='ocr_line' id='line_1_39' title="bbox 78 3974 1281 4056; baseline 0.002 -23"><span class='ocrx_word' id='word_1_373' title='bbox 78 3993 143 4034; x_wconf 87' lang='lat' dir='ltr'><strong>esse</strong></span> <span class='ocrx_word' id='word_1_374' title='bbox 158 3974 327 4047; x_wconf 85' lang='lat' dir='ltr'><strong>Dominum,</strong></span> <span class='ocrx_word' id='word_1_375' title='bbox 342 3990 372 4038; x_wconf 91' lang='lat' dir='ltr'><strong>et</strong></span> <span class='ocrx_word' id='word_1_376' title='bbox 384 3982 464 4039; x_wconf 87' lang='lat' dir='ltr'><strong>omni</strong></span> <span class='ocrx_word' id='word_1_377' title='bbox 479 3979 600 4046; x_wconf 88' lang='lat' dir='ltr'><strong>veritati,</strong></span> <span class='ocrx_word' id='word_1_378' title='bbox 611 3995 677 4050; x_wconf 83' lang='lat' dir='ltr'><strong>quae</strong></span> <span class='ocrx_word' id='word_1_379' title='bbox 691 3976 727 4037; x_wconf 86' lang='lat' dir='ltr'><strong>da</strong></span> <span class='ocrx_word' id='word_1_380' title='bbox 742 3976 933 4056; x_wconf 71' lang='lat' dir='ltr'><strong>ipsed&#39;reirur,</strong></span> <span class='ocrx_word' id='word_1_381' title='bbox 948 3986 1008 4038; x_wconf 87' lang='lat' dir='ltr'><strong>tom</strong></span> <span class='ocrx_word' id='word_1_382' title='bbox 1019 3977 1103 4055; x_wconf 85' lang='lat' dir='ltr'><strong>juxta</strong></span> <span class='ocrx_word' id='word_1_383' title='bbox 1116 3976 1193 4037; x_wconf 86' lang='lat' dir='ltr'><strong>illius</strong></span> <span class='ocrx_word' id='word_1_384' title='bbox 1207 3976 1281 4036; x_wconf 84' lang='lat' dir='ltr'><strong>divi·</strong></span> 
     </span>
     <span class='ocr_line' id='line_1_40' title="bbox 78 4073 1281 4154; baseline 0.002 -22"><span class='ocrx_word' id='word_1_385' title='bbox 78 4073 205 4142; x_wconf 85' lang='lat' dir='ltr'><strong>nitatem,</strong></span> <span class='ocrx_word' id='word_1_386' title='bbox 220 4082 280 4133; x_wconf 85' lang='lat' dir='ltr'><strong>tum</strong></span> <span class='ocrx_word' id='word_1_387' title='bbox 296 4075 382 4150; x_wconf 83' lang='lat' dir='ltr'><strong>juxta</strong></span> <span class='ocrx_word' id='word_1_388' title='bbox 402 4077 480 4136; x_wconf 87' lang='lat' dir='ltr'><strong>illius</strong></span> <span class='ocrx_word' id='word_1_389' title='bbox 499 4074 727 4134; x_wconf 80' lang='lat' dir='ltr'><strong>humanitatem:</strong></span> <span class='ocrx_word' id='word_1_390' title='bbox 747 4075 780 4135; x_wconf 90' lang='lat' dir='ltr'><strong>iu</strong></span> <span class='ocrx_word' id='word_1_391' title='bbox 798 4073 940 4154; x_wconf 76' lang='lat' dir='ltr'><strong>Spiritum</strong></span> <span class='ocrx_word' id='word_1_392' title='bbox 960 4076 1048 4136; x_wconf 88' lang='lat' dir='ltr'><strong>etiam</strong></span> <span class='ocrx_word' id='word_1_393' title='bbox 1069 4085 1200 4137; x_wconf 85' lang='lat' dir='ltr'><strong>sanctnm</strong></span> <span class='ocrx_word' id='word_1_394' title='bbox 1219 4093 1281 4134; x_wconf 88' lang='lat' dir='ltr'><strong>ere·</strong></span> 
     </span>
    </p>
   </div>
   <div class='ocr_carea' id='block_1_3' title="bbox 312 4298 966 4620">
    <p class='ocr_par' dir='ltr' id='par_1_20' title="bbox 312 4298 966 4620">
     <span class='ocr_line' id='line_1_41' title="bbox 313 4298 966 4450; baseline 0 -17"><span class='ocrx_word' id='word_1_395' title='bbox 313 4298 356 4449; x_wconf 57' lang='lat' dir='ltr'><strong>g}</strong></span> <span class='ocrx_word' id='word_1_396' title='bbox 375 4313 493 4447; x_wconf 59' lang='lat' dir='ltr'><strong>cPhilaletlcy</strong></span> <span class='ocrx_word' id='word_1_397' title='bbox 505 4382 572 4432; x_wconf 86' lang='lat' dir='ltr'><strong>Hiat.</strong></span> <span class='ocrx_word' id='word_1_398' title='bbox 584 4380 710 4433; x_wconf 85' lang='lat' dir='ltr'><strong>Christian</strong></span> <span class='ocrx_word' id='word_1_399' title='bbox 721 4381 859 4450; x_wconf 81' lang='lat' dir='ltr'><strong>Churchp.</strong></span> <span class='ocrx_word' id='word_1_400' title='bbox 870 4383 902 4435; x_wconf 82' lang='lat' dir='ltr'><strong>it.</strong></span> <span class='ocrx_word' id='word_1_401' title='bbox 915 4388 929 4446; x_wconf 82' lang='lat'>§</span> <span class='ocrx_word' id='word_1_402' title='bbox 942 4400 966 4434; x_wconf 81' lang='lat' dir='ltr'><strong>r.</strong></span> 
     </span>
     <span class='ocr_line' id='line_1_42' title="bbox 312 4467 963 4548; baseline 0.003 -30"><span class='ocrx_word' id='word_1_403' title='bbox 312 4469 354 4536; x_wconf 81' lang='lat'><strong>(3)</strong></span> <span class='ocrx_word' id='word_1_404' title='bbox 373 4468 406 4519; x_wconf 88' lang='grc' dir='ltr'><strong>Τ.</strong></span> <span class='ocrx_word' id='word_1_405' title='bbox 418 4469 452 4548; x_wconf 78' lang='lat' dir='ltr'><strong>li.</strong></span> <span class='ocrx_word' id='word_1_406' title='bbox 462 4467 490 4518; x_wconf 87' lang='lat' dir='ltr'><strong>in</strong></span> <span class='ocrx_word' id='word_1_407' title='bbox 500 4467 572 4518; x_wconf 84' lang='lat' dir='ltr'><strong>Jcan.</strong></span> <span class='ocrx_word' id='word_1_408' title='bbox 583 4483 610 4519; x_wconf 91' lang='grc' dir='ltr'><strong>ιι.</strong></span> <span class='ocrx_word' id='word_1_409' title='bbox 620 4470 644 4516; x_wconf 78' lang='lat'><strong>³.</strong></span> <span class='ocrx_word' id='word_1_410' title='bbox 654 4484 680 4534; x_wconf 89' lang='lat' dir='ltr'><strong>p.</strong></span> <span class='ocrx_word' id='word_1_411' title='bbox 693 4471 749 4521; x_wconf 82' lang='grc'><strong>138.</strong></span> <span class='ocrx_word' id='word_1_412' title='bbox 763 4477 788 4522; x_wconf 88' lang='lat' dir='ltr'><strong>et</strong></span> <span class='ocrx_word' id='word_1_413' title='bbox 797 4487 823 4522; x_wconf 77' lang='lat' dir='ltr'><strong>n·</strong></span> <span class='ocrx_word' id='word_1_414' title='bbox 834 4473 859 4522; x_wconf 80' lang='lat' dir='ltr'><strong>t.</strong></span> <span class='ocrx_word' id='word_1_415' title='bbox 869 4487 894 4538; x_wconf 81' lang='lat' dir='ltr'><strong>p</strong></span> <span class='ocrx_word' id='word_1_416' title='bbox 908 4472 963 4521; x_wconf 78' lang='lat'><strong>146.</strong></span> 
     </span>
     <span class='ocr_line' id='line_1_43' title="bbox 318 4550 639 4620; baseline 0.003 -18"><span class='ocrx_word' id='word_1_417' title='bbox 318 4555 360 4620; x_wconf 86' lang='grc'><strong>(4)</strong></span> <span class='ocrx_word' id='word_1_418' title='bbox 378 4553 412 4605; x_wconf 80' lang='grc' dir='ltr'><strong>Τ.</strong></span> <span class='ocrx_word' id='word_1_419' title='bbox 424 4552 444 4605; x_wconf 84' lang='grc' dir='ltr'><strong>Ι.</strong></span> <span class='ocrx_word' id='word_1_420' title='bbox 454 4552 481 4605; x_wconf 89' lang='lat' dir='ltr'><strong>iu</strong></span> <span class='ocrx_word' id='word_1_421' title='bbox 491 4552 564 4605; x_wconf 82' lang='lat' dir='ltr'><strong>Jom.</strong></span> <span class='ocrx_word' id='word_1_422' title='bbox 574 4567 601 4604; x_wconf 92' lang='lat' dir='ltr'><strong>n.</strong></span> <span class='ocrx_word' id='word_1_423' title='bbox 612 4550 639 4604; x_wconf 76' lang='grc'><strong>9.</strong></span> 
     </span>
    </p>
   </div>
   <div class='ocr_carea' id='block_1_4' title="bbox 0 0 1370 5018">
    <p class='ocr_par' dir='ltr' id='par_1_21' title="bbox 0 0 1370 5018">
     <span class='ocr_line' id='line_1_44' title="bbox 0 0 1370 5018; baseline 0 2"><span class='ocrx_word' id='word_1_424' title='bbox 0 0 1370 5018; x_wconf 95' lang='lat' dir='ltr'><strong> </strong></span> 
     </span>
    </p>
   </div>
  </div>
 </body>
</html>
