2744 5024
336 267 393 329 nn
416 228 633 330 ennnunn
652 241 826 329 unium:
847 219 1036 330 nurum.
1227 268 1287 326 ors

80 419 169 489 eitum,
181 441 272 496 quum
286 424 432 484 hominem
448 426 534 484 veluti
549 447 565 485 e
579 446 683 485 somno
695 427 817 485 excitet:
840 444 964 504 operans
978 427 1106 503 insuper,
1126 423 1193 496 quia
1206 421 1287 480 Deus

81 519 175 578 efficit
200 522 231 578 in
257 524 341 581 uobis
374 525 499 600 primum
524 525 554 582 in
578 525 697 583 salutern
727 535 854 583 motum:
886 523 1072 583 “Nolentem
1096 521 1233 600 prevenit
1256 527 1288 578 ut

79 616 203 676 ·veiit.''¹
1252 618 1256 625 ’

595 816 778 878 rnorosmo.

123 948 176 1007 nd
188 949 312 1010 initium
324 951 413 1031 fidei,
429 952 509 1012 etad
527 971 743 1030 quamcumque
757 952 918 1012 solutorem
933 953 1154 1032 cogitationem,
1172 953 1283 1016 suumi-

86 1045 168 1103 uutio
183 1053 211 1104 et
225 1047 385 1125 inspiratio
403 1047 535 1126 Spiritus
554 1049 658 1108 Sancti
673 1057 716 1107 est
729 1049 905 1109 necessaria.

123 1139 316 1200 Probaturl.
339 1161 376 1201 eu
398 1142 572 1222 Scripturis.

121 1239 172 1292 60.
197 1237 330 1312 Apostoli
344 1239 537 1297 testimonium
554 1238 587 1296 ad
601 1239 780 1306 Corinthios,
794 1238 872 1312 quod
882 1241 942 1316 jam
955 1237 1136 1309 adduximus,
1148 1259 1208 1301 rem
1220 1261 1285 1302 oon·

87 1333 163 1389 ficit:
188 1335 278 1405 quum
292 1337 368 1393 enim
384 1335 503 1394 idoneos
518 1338 662 1394 ministros
677 1337 745 1394 novi
766 1336 945 1395 Testamenti
968 1356 999 1394 se
1014 1356 1140 1412 suosque
1160 1339 1285 1418 collegas

84 1426 216 1495 dixisset,
227 1430 392 1505 subjunxit:
416 1441 505 1489 “non
521 1432 598 1504 quod
612 1431 787 1489 sufficientes
798 1432 890 1490 simus
903 1433 1027 1509 cogitare
1040 1432 1148 1506 aliquid
1162 1454 1177 1490 a
1191 1436 1285 1502 nobis,

82 1523 168 1599 qnasi
182 1545 221 1584 ex
235 1528 337 1585 nobis:
359 1527 410 1585 sed
423 1529 597 1587 sufficientia
611 1538 707 1586 nostra
721 1547 757 1586 er
772 1528 837 1587 Deo
851 1527 943 1587 est.’''
982 1529 1015 1587 id
1029 1528 1065 1587 de
1078 1528 1210 1589 fidelibus
1224 1548 1286 1590 om·
1345 1544 1351 1551 ’

81 1622 167 1680 nibus
183 1642 281 1680 verum
297 1625 335 1680 sit
349 1643 467 1682 neeesse
482 1639 535 1690 est,
561 1643 615 1682 nee
630 1626 706 1683 enim
721 1624 854 1700 Apostoli
877 1625 934 1682 iilis
948 1627 1044 1684 minus
1063 1635 1144 1685 erant
1165 1645 1285 1704 capaces

77 1727 245 1776 sanctarum
270 1720 484 1796 cogitationum.
526 1720 606 1797 Ergo
630 1722 694 1797 ipsa
718 1721 810 1796 prima
833 1721 932 1779 salutis
955 1719 1199 1797 cogitatioaDeo
1221 1741 1286 1799 pro·

79 1815 173 1872 venit.
229 1839 230 1842 ¹
506 1831 515 1839 “
826 1866 831 1879 .

121 1914 174 1968 m.
197 1909 287 1975 “Qui
300 1911 389 1988 erepit
401 1911 431 1969 in
445 1912 527 1969 vobis
541 1927 615 1988 opus
632 1911 750 1978 bonurn,
774 1908 903 1987 perficiet
915 1925 1008 1984 usque
1028 1910 1059 1968 in
1072 1908 1150 1969 diem
1173 1909 1290 1970 Christi

76 2003 201 2063 desu.”³
239 2006 318 2083 Ergo
332 2007 399 2065 boni
413 2007 509 2083 operis
524 2006 636 2065 initium
651 2025 667 2063 a
682 2004 747 2064 Deo
760 2004 948 2082 repetendum
961 2013 1015 2074 est,
1030 2005 1157 2084 primum
1176 2006 1287 2065 scilieet

77 2100 183 2158 salutis
197 2099 382 2170 desiderium,
397 2103 506 2178 primus
521 2101 556 2159 ad
571 2101 692 2160 salutem
706 2112 835 2160 conatus.
1273 2087 1274 2091 ¹
1304 2098 1307 2102 ’

123 2201 174 2254 62.
198 2198 300 2264 “Quis
315 2199 391 2256 enim
409 2207 437 2256 te
451 2198 607 2257 discernit?
639 2198 717 2264 Quid
743 2207 837 2257 autem
860 2198 949 2256 hebes
974 2196 1051 2272 quod
1074 2216 1134 2256 nou
1157 2200 1286 2277 aeoepis·

81 2291 162 2350 tit’*
204 2285 380 2351 'Diserimen
394 2293 480 2370 igitur
493 2291 607 2351 fidelem
623 2288 696 2351 inter¹
709 2304 738 2351 et
751 2292 930 2353 inerednnm
944 2313 961 2351 a
974 2292 1040 2351 Deo
1052 2293 1095 2362 fit,
1120 2292 1197 2353 dono
1216 2292 1286 2358 fidei

80 2402 243 2449 ooneesso:
262 2387 291 2443 si
305 2396 401 2446 autom
420 2386 521 2456 homo,
533 2405 613 2447 mero
627 2405 681 2446 suo
701 2387 827 2458 arbitrio,
839 2387 956 2447 eredere
970 2377 1119 2465 inciperet,
1140 2389 1188 2448 vel
1202 2408 1286 2465 para·

80 2492 126 2541 ret
139 2501 172 2539 se
185 2492 288 2540 conatu
303 2482 399 2555 aliquo
412 2483 532 2540 naturali
545 2483 581 2540 ad
601 2482 689 2541 fidem
703 2493 733 2540 et
748 2485 901 2560 justitiam,
926 2484 990 2562 ipse
1004 2503 1037 2544 se
1051 2484 1236 2554 discerneret,
1257 2495 1286 2545 et

80 2577 168 2641 ulum
179 2578 295 2639 haberet
308 2589 417 2639 motum
431 2599 448 2640 a
462 2580 527 2637 Deo
541 2595 600 2638 non
614 2577 782 2652 derivatum,
795 2580 852 2636 nisi
870 2588 1014 2654 tamquam
1028 2580 1140 2643 naturae
1150 2590 1283 2640 auotore:

81 2675 248 2755 egitautsm
262 2673 412 2733 manifesti
426 2674 584 2751 Apostolus
598 2672 634 2731 de
646 2673 908 2750 supernaturalibus
921 2673 1049 2746 dotibus.
1106 2674 1112 2680 ’

74 2788 80 2804 ι
121 2767 276 2829 Probatur
287 2765 332 2826 II.
354 2786 390 2827 eae
401 2766 558 2827 Patribus.
1169 2810 1172 2814 -

120 2869 173 2924 65.
193 2865 226 2923 S.
241 2863 497 2923 Gnarsosrorsus:
520 2873 540 2900 ‘⁴
551 2863 636 2922 Nihil
649 2881 688 2921 ex
701 2872 728 2921 te
742 2863 840 2928 habes,
854 2860 1053 2939 inquitffieda
1067 2859 1284 2940 usogascepiru

79 2993 90 3016 .
114 3000 123 3017 .
145 3001 155 3016 .
178 2964 187 3016 .
210 2997 220 3016 .
243 2977 312 3036 ergo
336 2977 401 3016 eum
413 2957 568 3034 acceperis,
584 2957 692 3015 habes:
715 2974 773 3014 non
787 2955 854 3023 hoo,
868 2955 914 3013 vei
929 2955 1010 3024 illud,
1025 2954 1077 3013 sed
1098 2955 1283 3030 omniaque

73 3038 189 3133 viuibes:
207 3071 265 3111 non
278 3053 356 3112 enim
370 3053 489 3112 haeotuu
502 3061 577 3112 reete
590 3052 750 3120 factasunt,
762 3050 814 3109 sed
826 3050 933 3111 exDei
945 3051 1033 3129 gratie
1045 3050 1226 3128 proveniunt.
1249 3048 1283 3105 si
1350 3129 1355 3140 Α

78 3147 168 3208 tidem
183 3148 301 3214 dixeris,
313 3167 350 3206 ex
365 3148 512 3206 vocatione
526 3147 574 3205 ilia
588 3147 684 3231 renim
699 3148 725 3205 si
745 3147 946 3207 remissionem
966 3156 1160 3233 peecatorum,
1177 3145 1204 3203 si
1217 3142 1283 3204 ohs-
1324 3167 1328 3174 ·

78 3245 209 3326 nemeto,
222 3245 248 3303 si
262 3244 395 3303 doctrine
410 3244 577 3312 verbum,·si
592 3245 719 3313 virtutes,
735 3244 833 3307 omnia
846 3242 913 3303 inde
927 3244 1073 3322 aoeepisti.
1115 3241 1194 3315 Quid
1214 3258 1286 3326 ergo

80 3341 181 3407 hebes,
201 3359 300 3414 queso
314 3351 352 3407 te,
376 3339 453 3412 quod
468 3359 525 3398 non
539 3331 694 3415 acceperis,
708 3350 789 3400 etex
802 3349 829 3398 te
849 3341 914 3419 ipso
928 3349 1005 3400 reete
1018 3339 1206 3414 acquisieris?
1228 3337 1283 3396 Ni·

81 3435 124 3499 bil
138 3434 233 3495 dicere
248 3434 548 3512 possis.''⁶-“Quid,
562 3444 596 3494 ut
607 3443 728 3509 oportet,
742 3452 867 3502 oremus,
882 3435 1027 3496 nescimus
1049 3474 1061 3492 .
1081 3473 1091 3496 .
1113 3474 1121 3492 .
1143 3475 1153 3491 .
1175 3432 1282 3491 etenim

81 3530 117 3588 ad
131 3549 197 3588 eam
210 3549 270 3588 rem
285 3529 341 3587 Dei
363 3547 418 3606 ope
433 3543 569 3606 egemus;
592 3545 684 3600 usque
704 3526 775 3585 adeo
799 3527 887 3584 homo
907 3526 1039 3591 infirmus
1061 3535 1116 3594 est,
1141 3535 1171 3584 et
1190 3545 1229 3585 ex
1248 3543 1281 3583 se

81 3623 200 3683 nihil.”⁰
388 3637 392 3641 ·
1333 3610 1347 3625 ’

121 3725 171 3780 83.
194 3721 226 3780 S.
241 3721 433 3780 Asserosrusz.
452 3719 574 3776 “Vides
599 3719 694 3791 itaque
719 3716 792 3789 quia¹
806 3714 913 3788 ubique
932 3713 1055 3773 Domini
1069 3713 1158 3772 virtus
1179 3711 1282 3770 studiis

81 3824 250 3893 cooperatur
264 3816 418 3883 humanis3
441 3824 471 3871 ut
484 3831 570 3872 nemo
585 3813 678 3888 possit
689 3810 831 3868 adificare
844 3809 907 3867 sine
928 3807 1067 3882 Domino,
1087 3824 1174 3867 nemo
1187 3816 1282 3867 custo·

481 4047 523 4111 (ῑ)
539 4045 607 4107 Aug.
615 4042 718 4094 Euehir.
729 4057 751 4092 o.
760 4040 840 4093 xxxii·

482 4132 522 4197 (2)
542 4129 576 4180 ΙΙ.
588 4128 647 4178 Gor.
657 4127 693 4180 iii
704 4127 727 4177 5.

364 4254 367 4257 Α
482 4216 525 4281 (3)
544 4214 636 4279 Philip.
646 4214 662 4263 i.
674 4215 698 4264 6.

480 4300 520 4364 (4)
540 4298 559 4347 1.
568 4297 620 4347 Gor
630 4297 664 4347 iv.
674 4301 700 4347 7.

481 4383 525 4448 (5)
545 4383 620 4432 Hom.
630 4381 691 4431 xxii.
701 4380 728 4430 in
740 4396 778 4446 sp.
789 4381 821 4432 nd
832 4379 890 4432 Gor.

477 4467 521 4539 (u)
542 4465 619 4523 Hom
629 4464 678 4518 xiv.
689 4464 717 4518 iu
726 4465 804 4532 opud
815 4465 886 4519 Rom.
