2730 5018
101 276 161 333 aas
375 240 398 305 ἓ
464 275 519 334 un
542 274 736 334 Punsoun
758 273 941 333 cumsur.

142 435 192 489 86.
213 429 302 509 Rerp.
324 431 477 507 Repugnat
497 440 529 488 ut
548 450 581 487 ea
595 430 630 488 de
654 431 718 488 Deo
733 431 762 488 in
776 430 873 487 divina
895 440 994 488 astura
1017 429 1205 506 predicentur,
1226 457 1265 502 non

102 528 170 585 item
185 528 214 585 in
229 529 353 586 humana
367 547 452 601 quam
475 528 648 603 assumpsit:
671 545 734 598 quar
749 527 826 582 enim
842 525 908 582 huie
923 536 1093 602 congruunt,
1119 527 1153 584 de
1173 549 1266 605 persana

103 640 160 694 qua
182 622 287 698 regitur
307 622 363 679 diei
390 632 519 696 possunt.
561 620 634 678 Haee
659 621 745 697 igitur
767 620 854 697 probe
878 619 1020 677 intellecta
1042 621 1082 678 nil
1106 621 1267 696 habentquod

103 717 198 776 Deum
212 718 357 776 dedeceat.

141 819 190 872 87.
216 813 283 891 obj.
299 818 327 871 6.
350 814 484 871 Divinam
501 814 675 889 majestatem
691 831 806 888 prorsus
821 812 940 874 dedecet
952 814 1038 871 etiam
1050 814 1081 870 in
1093 824 1271 890 assumptam
1302 860 1305 865 .

101 919 163 968 tura
177 928 316 967 aerumnas
330 922 359 967 et
372 910 475 985 probra
489 910 557 985 pati,
572 910 614 965 uti
628 909 691 984 ipsa
703 907 803 966 suadet
816 910 902 967 ratio:
925 909 981 985 ipsi
995 911 1072 967 enim
1087 910 1168 985 pueri
1182 911 1271 974 rationis

103 1007 151 1064 rix
164 1015 312 1082 compotes
327 1025 343 1062 a
357 1006 480 1080 cogitatu
495 1005 550 1062 Dei
565 1006 694 1062 crucifixi
709 1006 868 1063 abhorrent.
911 1006 954 1063 lta
967 1005 1090 1063 Puirre.²

41 1076 48 1097 ⁴
140 1105 190 1158 88.
212 1100 301 1177 Reap.
323 1101 502 1158 Altissimuru
525 1101 694 1176 mysterium
709 1102 739 1158 in
753 1100 817 1157 Deo
832 1102 966 1176 patiente,
994 1102 1080 1160 etiam
1103 1102 1141 1158 in
1154 1116 1276 1182 assumpte

101 1197 228 1255 hominis
254 1207 363 1265 natura,
385 1197 579 1273 agnoscimus,
601 1207 685 1272 prout
717 1197 746 1253 in
771 1197 926 1272 seripturis
954 1207 1119 1255 constanter
1138 1198 1275 1263 exhibetur.

101 1289 246 1349 Ceterum
270 1294 323 1349 etsi
348 1293 418 1350 ratio
442 1303 470 1349 et
493 1293 676 1349 humanitatis
701 1310 805 1349 sensus
826 1292 920 1350 scelus
941 1311 1040 1350 eorum
1062 1293 1225 1361 detestetur,
1242 1300 1277 1369 qui

75 1378 89 1395 ¹
100 1385 207 1444 Filium
222 1387 278 1444 Dei
292 1387 471 1444 coutumeliis
486 1396 516 1443 et
529 1397 619 1444 morte
634 1387 804 1443 affecerunt:
827 1406 883 1444 non
898 1387 963 1461 ideo
985 1386 1089 1444 desunt
1102 1387 1205 1445 divinae
1218 1389 1279 1450 buni-

98 1483 163 1539 tatis
179 1483 284 1540 iudicia
304 1503 368 1556 quae
384 1485 554 1558 mysterium
569 1482 741 1540 eredendum
757 1483 967 1541 commendant.
1008 1484 1070 1560 Ipsi
1086 1485 1167 1561 pueri
1180 1503 1280 1545 comus·

100 1587 201 1635 verunt
215 1579 310 1635 mirari
325 1579 469 1655 ingentem
485 1578 562 1634 iilam
577 1578 632 1634 Dei
648 1595 716 1653 erga
729 1578 861 1635 homines
877 1576 1069 1636 dilectionem.
1100 1578 1238 1637 Omnibus
1249 1600 1279 1657 ,ιω

100 1674 294 1733 admirationis
315 1694 401 1733 voees
422 1675 604 1731 conveniunt.
646 1673 724 1730 “Sic
748 1674 828 1731 Deus
855 1674 954 1731 dilexit
979 1675 1129 1743 mundum,
1155 1686 1187 1733 ut
1207 1676 1280 1736 filiun

101 1787 184 1827 suum
195 1771 374 1846 unigenitum
386 1770 464 1827 daret
477 1769 520 1825 !”⁸

595 1945 809 1985 consuetunis.

140 2087 189 2142 89.
211 2082 259 2140 Ex
274 2080 405 2158 dogmate
420 2083 536 2157 probato
551 2081 657 2138 deuna
672 2083 780 2142 Christi
795 2101 917 2159 persone
930 2082 1021 2154 liquet
1034 2083 1137 2141 merito
1149 2081 1287 2141 damnatos

100 2197 164 2251 esse
177 2180 208 2235 in
223 2177 349 2253 Synodis
364 2177 566 2253 Forojulieusi,
582 2177 795 2244 Ratisbouensi,
816 2189 845 2234 et
858 2178 1118 2244 Francosordiensi,
1131 2180 1237 2236 seculo
1248 2199 1291 2237 oe·

2 2313 19 2339 .,
89 2256 166 2349 ,ᾧο
177 2282 309 2336 exeunte,
325 2271 451 2328 Felicem
467 2271 674 2346 Urgeilitauum
700 2283 728 2330 et
742 2272 916 2347 Elipandum
933 2273 1117 2341 Toletanum,
1135 2273 1185 2345 qui
1200 2272 1293 2331 Chris·

12 2342 20 2357 ι
78 2370 177 2475 tuq,
185 2384 242 2439 qua
252 2366 350 2432 homo,
366 2366 456 2424 filium
471 2365 528 2422 Dei
542 2364 707 2442 adoptivum
717 2366 865 2425 dicebant:
889 2386 954 2424 nam
967 2367 1157 2425 Nestoriauus
1170 2386 1294 2425 errorrs-

99 2460 212 2557 drunjus
225 2462 274 2520 hie
288 2461 446 2529 exhibetur.
489 2471 509 2498 “
520 2462 803 2520 Anathematizamus
816 2465 901 2521 etiam
916 2483 966 2520 eos
988 2464 1143 2539 (scribebat
1161 2464 1224 2540 jam
1244 2483 1296 2523 suo

99 2571 227 2637 tempure
241 2559 384 2618 Damasus
396 2558 544 2634 Pontifex)
559 2559 608 2630 qui
624 2558 695 2616 duos
710 2559 786 2616 filios
801 2578 864 2617 esse
880 2561 1057 2635 profitentur,
1068 2579 1159 2618 unum
1171 2569 1236 2618 ante
1247 2579 1297 2618 se-

99 2654 173 2723 cula,
188 2664 217 2713 et
229 2655 315 2712 alium
331 2663 396 2729 post
409 2654 501 2711 earnis
516 2655 741 2729 assumptionem
757 2673 794 2711 ex
810 2654 963 2730 virgine.”⁸
1004 2665 1024 2691 “
1036 2656 1119 2713 Unus
1134 2655 1191 2712 Dei
1207 2655 1298 2713 Filius

99 2752 233 2824 idemque
247 2752 373 2809 hominis
388 2751 481 2808 filius:
504 2769 577 2807 unus
592 2750 717 2808 hominis
733 2751 819 2818 filius,
835 2751 968 2825 idemque
980 2752 1036 2810 Dei
1051 2753 1144 2809 filius:
1168 2770 1229 2809 non
1241 2751 1298 2810 duo

99 2850 151 2906 filii
166 2850 232 2916 Dei,
249 2849 328 2907 Deus
343 2858 372 2906 et
385 2847 482 2911 homo,
498 2846 636 2903 sedunus
652 2846 706 2904 Dei
722 2847 861 2904 Filius.”⁴

139 2950 188 3002 90.
210 2946 345 3017 Sequitur
359 2944 443 3000 etiam
460 2944 580 3002 Mariam
594 2953 712 3000 matrem
727 2944 783 3000 Dei
797 2945 848 3001 rite
863 2945 967 3014 vocari,
983 2963 1049 3002 narn
1061 2943 1196 3002 Christus
1212 2963 1300 3017 quem

100 3040 211 3117 peperit
224 3039 304 3097 Deus
320 3057 385 3095 vere
399 3049 460 3105 est3
476 3037 526 3094 sed
541 3037 576 3093 de
591 3056 624 3094 ea
638 3038 707 3094 alias
723 3038 906 3097 disseremus.

430 3192 472 3255 (l)
492 3191 547 3250 Age
555 3191 583 3238 os
595 3191 701 3250 Reeson,
712 3206 735 3254 p.
747 3191 762 3239 i.
772 3207 832 3254 page
844 3195 886 3241 46.

429 3279 466 3335 (2)
484 3276 555 3322 doen.
563 3274 597 3321 iii.
612 3277 650 3320 16.

432 3361 469 3418 (3)
488 3359 535 3421 Ep.
545 3358 575 3406 ad
587 3357 719 3406 Paulinum
731 3359 846 3409 Autioeh.

431 3444 468 3503 (4)
486 3443 592 3503 August.
604 3442 631 3491 iu
641 3442 742 3493 Enchir.
754 3459 775 3492 c.
786 3443 821 3492 iii.
