2744 5024
93 236 134 291 7ss
517 230 573 291 DE
595 230 871 293 DAEMONIBUS.

93 386 179 447 cendi
192 386 326 455 artifices,
346 386 438 460 liquet
449 405 488 447 ex
508 386 640 447 facultate
660 388 696 445 lie
717 387 791 447 facts
809 405 914 464 porcos
935 384 1126 465 ingrediendi,
1140 386 1274 462 quibusir'

95 481 201 541 flumen
213 481 407 558 precipitibur
419 483 501 551 sctis,
512 482 653 541 Geraseui
664 492 876 559 eumrogerunt
888 492 920 540 ut
932 480 1118 541 discederet¹
1140 484 1271 547 Demoutt

95 575 228 652 ejiciendi
243 587 413 654 potestatem
424 576 504 635 dedit
516 577 578 653 ipsc
592 578 685 635 verbis
699 577 872 654 perspicuis,
882 586 912 636 et
922 577 1034 637 monuit
1043 578 1200 654 Apostolos
1212 578 1275 637 neda

95 686 130 728 ea
142 670 349 751 gloriarentur:
372 681 392 710 ‘⁴
403 674 434 731 in
448 673 505 731 boc
515 673 604 731 nolite
618 671 752 748 gaudere,
764 672 832 745 quie
841 672 959 749 spiritus
971 673 1052 731 vobis
1061 672 1274 750 subjiciuntut’·

96 766 202 840 Liquet
214 768 299 844 igitur
313 787 380 827 eum
395 787 448 827 sue
461 769 624 827 auctoritate
637 769 841 845 comprobasse
855 768 1026 828 senteutiam
1046 768 1083 829 de
1101 769 1272 845 demonium

135 869 205 923 too.
221 865 366 925 Praeterea
378 864 557 944 disthguunt
567 866 719 925 manifesti
730 868 804 926 sacri
815 867 1274 947 scriptorasiolirmosetlunetirtt
1305 878 1308 883 '

96 959 331 1020 adaemoniacis:
353 962 554 1028 “obtuleruut
568 964 597 1021 ei
618 981 720 1021 omues
741 963 816 1021 mele
837 963 985 1032 babentes,
1006 964 1093 1022 seriis
1113 964 1279 1042 tmguertu

96 1066 125 1113 et
148 1059 297 1116 tormentis
324 1059 560 1134 comprehensos,
584 1071 614 1116 et
640 1059 690 1131 qui
717 1057 860 1117 demonia
885 1054 1034 1128 habebant,
1060 1069 1089 1117 et
1112 1056 1276 1119 lunatieoffl

95 1153 354 1222 δαιμονιζομένουςκαὶ
372 1153 585 1224 comminuimus.
631 1155 712 1231 Ergo
733 1155 812 1214 noua
834 1165 879 1213 est
897 1156 969 1214 ratio
989 1156 1157 1235 suspicandi
1176 1146 1286 1233 egrotos
1310 1194 1315 1235 3

95 1265 208 1315 omnes,
224 1249 269 1306 vel
283 1249 434 1316 lunaticos,
450 1250 543 1309 luisse·
554 1252 627 1309 inter
647 1251 840 1311 demoniacos
861 1253 1028 1312 recensitos.
1055 1252 1137 1311 'lmo
1155 1250 1274 1326 quidquid
1299 1242 1315 1287 ·’

95 1342 135 1401 sit
146 1342 182 1401 de
196 1344 385 1403 Ethuicorum
401 1346 586 1427 persuasione
599 1349 714 1405 morbos
730 1347 775 1406 vel
795 1348 948 1407 amentiam
961 1367 979 1405 a
992 1348 1068 1409 melo
1088 1344 1175 1426 ge‘uio
1193 1364 1274 1431 prore·
1301 1322 1315 1399 ,³

96 1438 168 1507 niti,
183 1440 292 1498 nullum
307 1440 535 1517 proferripotest
546 1432 743 1503 testimonium
763 1444 970 1521 cujuscumque
984 1444 1108 1503 auctoris
1130 1442 1277 1522 profaniitt

97 1551 155 1605 quo
169 1545 291 1610 aegrotus
305 1537 352 1593 vel
365 1555 464 1595 amens
485 1537 670 1596 demoniacus
684 1538 803 1596 dicatur.
846 1539 909 1598 Sibi
928 1540 1016 1616 igitur
1032 1538 1157 1613 aliisque
1175 1538 1278 1599 illudunt

99 1629 201 1689 eruditi
215 1631 428 1693 Rationalistael
918 1672 922 1701 t

29 1764 35 1773 ·
137 1730 207 1785 206.
229 1726 381 1787 Probatur
390 1727 434 1789 ΙΙ.
446 1747 482 1788 cx
490 1729 583 1788 totius
594 1727 787 1807 obliquitatis
799 1729 978 1789 cultatim
987 1748 1087 1790 sensu.
1102 1731 1153 1790 Ex
1165 1732 1279 1791 omuibus

97 1825 212 1901 scriptis
232 1827 348 1886 Petrum
363 1828 493 1887 omnium
514 1827 683 1886 seculorum
704 1828 795 1901 liquet
807 1827 837 1886 id
858 1827 991 1885 omnibus
1014 1827 1297 1891 Christianismum

98 1919 264 1985 firmissime
279 1943 459 2001 persuasum,
474 1923 664 1983 demoniacos
680 1925 820 1992 extitisse,
836 1924 948 1992 Christi
970 1923 1092 1986 Domini
1105 1935 1135 1983 et
1148 1921 1284 2005 Apostolo-

97 2040 162 2081 rum
176 2030 275 2077 aetate:
297 2021 356 2077 imo
371 2037 421 2077 eos
436 2019 562 2090 sequiori
576 2019 681 2075 saeculo
696 2018 789 2076 adbuc
804 2018 864 2077 dari
877 2018 973 2096 plures
989 2026 1139 2087 testantur,
1153 2020 1231 2096 ipsos
1249 2030 1290 2073 ιο·

97 2114 213 2191 ligionis
228 2114 325 2170 hostes
340 2112 375 2169 ad
389 2113 430 2169 rei
444 2113 673 2188 experimentum
695 2100 887 2190 provocando.
930 2115 1072 2182 insumus
1092 2114 1162 2183 dicit
1182 2115 1216 2173 de
1235 2105 1290 2187 qui·

7 2268 16 2287 ‚
99 2209 219 2269 busdam
234 2206 344 2264 Christi
359 2207 527 2284 discipulis:
550 2216 569 2243 ‘⁶
580 2208 638 2265 Alii
652 2209 728 2266 enim
745 2208 890 2267 daemones
905 2209 1062 2269 excludunt
1082 2210 1245 2274 firmissime
1271 2206 1297 2255 0¹

14 2286 19 2297 ⁵
100 2321 176 2369 vere,
188 2312 219 2358 ut
233 2303 318 2360 etiam
339 2302 498 2377 saepiesime
513 2301 629 2359 credant
650 2302 706 2383 ipsi
727 2303 812 2380 (qui)
835 2305 980 2363 emundati
1002 2315 1069 2363 sunt
1083 2325 1100 2362 a
1113 2292 1298 2379 nequissimi!

100 2395 257 2474 spiritibus,
272 2406 300 2452 et
314 2407 381 2453 sunt
395 2395 424 2453 in
439 2394 620 2454 Ecclesia.”⁴
651 2397 867 2457 Tunnuccranr
881 2400 1001 2457 celebris
1013 2408 1058 2475 est
1070 2399 1153 2478 locus
1166 2399 1202 2458 ad
1215 2391 1303 2483 suti*

100 2496 165 2552 tites
179 2494 322 2552 Ethoieos
337 2493 460 2551 directus
472 2513 479 2549 :
503 2492 642 2552 “Edatur
654 2494 701 2551 hic
713 2495 815 2568 aliquis
826 2496 879 2552 sub
892 2496 1077 2554 tribunalibus
1089 2497 1306 2571 vestrisquem

101 2587 230 2651 dae‘mono
245 2589 293 2669 agi
305 2599 432 2649 constet:
451 2592 551 2667 jussus
566 2610 583 2646 a
596 2591 723 2673 quolibet
740 2590 906 2650 Christiano
927 2593 1016 2665 loqui,
1031 2593 1149 2670 spiritus
1170 2594 1220 2661 ille
1240 2594 1308 2652 tom

2 2736 4 2746 .
101 2707 133 2746 se
148 2672 308 2746 daemonem
323 2687 502 2744 confitebitur
516 2686 551 2743 de
565 2705 643 2754 vero,
659 2705 744 2759 quem
760 2687 827 2743 alibi
842 2687 938 2746 Deum
952 2688 987 2745 de
1002 2687 1122 2746 falso.'’³

141 2791 210 2846 207.
230 2783 384 2862 Objiciunt
405 2771 614 2841 Rationalistae
634 2781 663 2840 I.
692 2782 841 2859 Epilepsis
862 2783 969 2855 iudicia
991 2784 1129 2843 habentur
1143 2786 1173 2844 in
1193 2784 1313 2864 juven⁶

101 2883 152 2957 qui
164 2880 239 2958 apud
255 2880 385 2937 Marcum
401 2878 560 2936 adaemone
575 2879 709 2936 obsessus
724 2879 849 2936 dicitur.a
890 2879 968 2937 Hinc
982 2880 1083 2938 sanati
1096 2880 1232 2941 dicuntur
1246 2881 1314 2939 do*

102 2976 236 3041 ruobiaci,
253 2976 319 3045 quia
334 2975 407 3029 inter
421 2982 541 3047 aegrotos
555 2975 786 3031 recensebantur.

142 3075 211 3127 208.
233 3069 322 3145 Resp.
345 3068 427 3124 Licet
446 3068 574 3138 quaedam
604 3068 741 3143 epilepsis
769 3068 883 3128 indiciis
909 3071 985 3128 haud
1012 3072 1155 3130 absimilia
1176 3075 1208 3132 in
1236 3076 1315 3133 cesi¹

103 3167 152 3224 illo
166 3161 283 3238 speciali
297 3161 519 3218 animadvertere
534 3165 580 3227 sit,
596 3161 728 3237 adjuncta
743 3172 837 3221 tamen
858 3165 1012 3222 ostendunt
1025 3184 1120 3224 veram
1134 3165 1227 3226 fuisse
1249 3169 1315 3228 ἀΰ·

104 3262 263 3321 moniacam
288 3258 495 3315 obsessionem.
538 3259 638 3316 Mutus
660 3271 689 3317 et
712 3260 814 3318 surdus
835 3271 895 3318 erat
910 3250 1041 3337 juvenis,
1052 3272 1081 3321 et
1094 3265 1132 3322 ita
1154 3256 1315 3344 coneptu!

103 3356 236 3434 epilepsi,
247 3363 277 3411 ut
285 3370 348 3410 eam
358 3372 374 3409 a
383 3353 512 3411 demone
522 3354 672 3429 provenire
684 3366 763 3430 pater
774 3354 858 3432 plane
868 3357 1052 3433 intelligeret;
1066 3357 1145 3430 quod
1154 3360 1315 3421 confirma!

103 3451 290 3528 Evangeliata
303 3449 421 3507 dicens:
444 3457 463 3485 ‘⁴
476 3468 543 3508 oum
557 3451 677 3510 vidisset
689 3470 766 3518 eum,
783 3451 920 3529 (Jeoetm)
935 3455 1030 3511 statim
1051 3455 1169 3532 spiritus
1191 3471 1315 3518 contar·

103 3551 181 3609 bavit
193 3547 322 3607 illum.”⁰
361 3538 464 3605 Fidem
475 3549 562 3624 patris
576 3561 608 3607 ut
621 3559 763 3608 curaretur
781 3568 853 3625 puer
866 3551 962 3628 exegit
976 3551 1120 3621 Christus,
1135 3562 1166 3610 et
1185 3556 1315 3615 commi·

104 3658 185 3706 natus
200 3655 245 3704 eet
258 3643 369 3721 spiritui
382 3643 542 3713 immundo,
557 3655 586 3703 et
599 3647 725 3704 oratione
739 3655 769 3704 et
783 3646 896 3722 jejunio
911 3666 985 3723 opus
998 3665 1064 3705 esse
1078 3647 1152 3707 dixit
1167 3660 1199 3708 ut
1219 3653 1315 3729 ejice·

103 3822 109 3848 ³
139 3822 176 3882 (1)
194 3817 255 3869 Luc
267 3816 318 3869 viii.
334 3819 375 3867 27.
402 3817 501 3885 Optime
512 3817 658 3870 Lieberrnan
676 3821 857 3871 animadvertit:
876 3823 943 3872 “An
958 3822 1042 3872 torem
1057 3822 1161 3875 morbus
1177 3824 1226 3876 uiri
1242 3826 1315 3877 itlius

103 3914 183 3959 totum
194 3906 273 3957 subito
284 3921 412 3971 porcorum
423 3921 522 3969 gregem
533 3907 664 3970 corripuitl
684 3907 732 3956 Sed
744 3914 769 3957 et
779 3907 821 3956 ills
833 3905 934 3968 Christi,
945 3924 1003 3959 cum
1013 3908 1124 3961 demone
1134 3913 1315 3965 consecutos

103 4008 177 4060 quem
189 3992 283 4041 insulso
294 3997 358 4040 esset
368 3998 393 4040 et
403 3991 505 4041 ridiculo
516 3992 610 4041 subluto
622 3983 757 4043 demone!”
783 3992 871 4042 Theol.
883 4002 900 4043 t.
914 3998 936 4044 l.
948 3994 986 4044 De
997 3995 1101 4059 lugeto
1111 3997 1184 4047 malis
1194 4014 1268 4067 prop.
1275 3999 1315 4053 iiia

138 4079 176 4141 (2)
194 4076 256 4126 Luc.
268 4092 293 4124 x.
307 4079 346 4124 18.
923 4079 926 4082 ”

139 4167 177 4225 (3)
195 4161 259 4210 Vide
270 4168 295 4209 et
305 4161 367 4208 Μαι.
379 4160 412 4209 ix.
424 4159 464 4208 3³.
476 4162 516 4208 34.
527 4176 552 4209 x.
565 4165 589 4209 8.

139 4250 177 4309 (4)
196 4246 259 4295 Adv.
270 4245 327 4294 her.
339 4245 355 4293 l.
366 4243 391 4293 ii.
403 4259 424 4292 c.
436 4242 485 4293 lvii.
497 4245 557 4294 alias
568 4245 646 4297 xxxii.

140 4335 177 4394 (5)
194 4332 226 4380 ln
237 4331 341 4396 Apolog.
352 4346 374 4381 c·
385 4329 455 4380 xxiii.
466 4329 495 4379 ed
507 4330 562 4393 Rig.

140 4417 178 4476 (6)
195 4414 258 4465 Mar.
266 4415 300 4464 ix.
314 4417 353 4464 17.

140 4499 180 4564 (6)
199 4514 223 4546 v.
238 4501 276 4548 19.
