2744 5024
395 262 453 325 ma
475 262 648 324 carvin
670 224 977 338 uncnssrvrvn.
1225 257 1285 321 aas

68 430 175 491 agere
189 399 265 492 quod
278 418 447 481 adsalutem
462 419 557 489 ducat,
572 421 628 480 nisi
642 441 659 479 a
673 420 738 480 Deo
753 432 930 489 moveantur,
945 420 1076 498 provenit
1090 439 1127 479 ax
1142 420 1205 496 ipsa
1219 419 1286 478 finis
1326 452 1332 463 ·

60 514 309 587 supernaturalis
323 517 507 585 sublimitate,
522 532 553 575 ut
572 517 645 576 nibil
666 517 797 577 dieamus
814 515 849 575 de
871 517 1033 575 infirmitate
1054 516 1210 575 bominisa
1231 514 1287 591 pri·

57 611 358 673 mevaconditionc
371 613 460 691 lapsi.
549 608 553 613 ’

134 724 179 780 39.
204 721 272 802 obj.
289 728 318 783 8.
340 723 423 783 Deus
437 734 535 801 utpote
556 725 672 802 sapiens
694 734 723 783 et
743 727 883 802 perlectus
903 727 1092 803 simpliciores
1107 725 1168 782 vias
1182 724 1288 800 eligere

60 818 250 878 censendus
273 832 334 878 est:
357 815 479 879 attamen
502 822 527 879 si
549 833 655 880 nature
677 823 784 880 viribus
806 822 954 899 adjicenda
974 832 1040 881 sunt
1058 822 1153 899 gratia
1174 820 1289 885 auxilia,

61 923 240 986 antequam
266 917 354 975 homo
378 917 465 975 finem
491 919 735 996 suumconsequi
755 919 856 987 valeat,
878 919 1017 977 videbitur
1040 919 1119 976 Deus
1141 917 1289 975 frustratus

67 1011 237 1089 proposito
252 1013 379 1071 remedia
393 1034 526 1088 novaque
541 1014 671 1073 subsidia
685 1034 811 1088 quaerere
826 1025 855 1072 et
868 1015 1013 1072 adhibere.

134 1109 178 1164 40.
198 1105 289 1185 Beap.
313 1108 382 1168 Non
396 1121 525 1173 nostrum
540 1122 585 1168 est
604 1110 670 1169 Deo
690 1112 830 1169 rationem
846 1111 948 1188 agendi
969 1109 1162 1187 prescribere.
1204 1103 1290 1172 Quod

74 1199 235 1259 hominem
261 1204 389 1261 evexerit
413 1204 449 1263 ad
474 1206 562 1264 finem
583 1224 669 1282 supra
694 1216 800 1263 nature
823 1205 1028 1272 conditionem,
1048 1204 1204 1277 bonitatem
1227 1202 1290 1277 ejus

84 1297 181 1372 magis
196 1300 345 1375 magisque
358 1301 558 1360 commendat:
581 1302 704 1374 indeque
719 1303 824 1361 lactum
841 1312 871 1360 ut
883 1302 1019 1360 subsidiis
1031 1301 1066 1359 ad
1081 1311 1188 1358 tantum
1203 1301 1290 1356 finem

88 1395 323 1467 consequendum
339 1397 427 1456 homo
443 1399 631 1475 adjuvaretur.
674 1399 743 1456 Non
759 1399 853 1456 Deum
869 1399 967 1456 lelellit
981 1416 1067 1474 spes;
1089 1396 1140 1453 sed
1154 1395 1290 1454 libertatis

91 1487 204 1558 abusus,
220 1511 308 1564 quern
323 1494 463 1569 praevidit,
478 1496 657 1553 occasionem
673 1495 794 1571 prebuit
808 1495 890 1552 novis
905 1493 1027 1570 augendi
1048 1493 1183 1551 subsidiis
1199 1493 1292 1550 bomi-

95 1583 143 1641 nis
155 1588 355 1668 infirmitatem.

137 1687 179 1745 41.
204 1685 271 1764 Obj.
295 1691 324 1745 9.
347 1689 507 1766 Propositis
531 1690 655 1748 veritatis
681 1689 811 1748 revelatae
840 1691 1025 1767 argumentis,
1051 1689 1210 1746 intellectus
1237 1705 1289 1762 pro

96 1783 215 1847 pondere
230 1785 371 1844 rationum
389 1787 549 1854 inclinatur,
564 1807 617 1844 nec
640 1788 716 1844 enim
741 1787 830 1845 libera
851 1797 895 1844 est
912 1787 1054 1845 facultas:
1077 1804 1144 1859 ergo
1159 1784 1230 1840 fides
1252 1798 1290 1839 ex

94 1866 168 1934 dono
181 1879 347 1947 vellamine
362 1884 568 1957 supernaturali
582 1903 639 1941 non
655 1883 770 1957 pendet.
792 1882 824 1940 ld
839 1882 914 1958 apud
930 1880 1097 1938 catholicos
1112 1880 1140 1936 in
1156 1878 1290 1936 confesso

92 1981 156 2030 esse
176 1975 269 2044 debet,
285 1979 336 2051 qui
358 1980 454 2055 gratiae
477 1981 585 2037 lumine
609 1980 773 2038 vindicent
795 1980 948 2037 illustratos
971 1997 1021 2036 eos
1046 1995 1118 2050 quos
1141 1975 1290 2033 haereticos

89 2075 203 2141 vocant,
218 2091 340 2146 quorum
364 2083 459 2133 tamen
474 2075 588 2150 plurimi
612 2077 756 2152 praecipua
777 2075 910 2152 dogmata
930 2091 1115 2149 magnacum
1137 2070 1243 2137 studio,
1258 2082 1287 2126 et

86 2168 194 2240 lnagna
209 2169 293 2225 etiam
309 2169 422 2244 pietatis
447 2170 560 2239 affectu,
583 2181 774 2246 propugnant.
815 2171 876 2246 Ipsi
903 2169 1045 2226 Catholici
1066 2186 1151 2241 quam
1175 2165 1290 2241 plurimi

84 2253 167 2331 vitiis
181 2264 278 2334 dediti,
294 2276 323 2325 et
337 2278 431 2326 tamen
446 2286 550 2344 magno
570 2268 665 2326 studio
678 2268 745 2326 lidei
767 2268 953 2335 adhaerentes,
968 2267 1018 2323 vix
1040 2274 1159 2342 possunt
1180 2263 1291 2322 censeri

81 2343 185 2420 divina
199 2363 382 2438 gratiamne,
397 2383 486 2438 quum
502 2365 587 2423 corda
601 2385 699 2424 eorum
714 2385 772 2424 non
787 2374 988 2424 convertantur
1000 2363 1035 2420 ad
1051 2363 1155 2421 Deum.
1228 2370 1232 2389 ¹
1285 2362 1289 2367 ’

124 2457 185 2523 4&
200 2456 290 2535 Rerp.
313 2459 413 2519 Potest
425 2460 541 2532 quidem
565 2458 726 2519 intellectus
747 2462 890 2521 humanus
912 2459 949 2517 de
969 2468 1290 2535 argumentorumque

75 2551 139 2641 ltro
155 2555 329 2614 revelatione
344 2557 509 2625 afferuntur,
524 2558 660 2634 pondere,
675 2560 750 2614 sicut
764 2558 838 2615 etde
852 2557 961 2614 ceteris
976 2557 1204 2627 quibuscumque
1219 2553 1290 2623 ferra

69 2646 249 2710 iudicium:
273 2652 325 2711 sed
338 2654 386 2712 ille
401 2656 504 2712 mentis
519 2642 658 2712 assensus
670 2674 727 2727 quo
742 2651 879 2727 quidquid
895 2654 974 2710 Deus
996 2651 1140 2717 rebelavit,
1156 2651 1192 2706 ob
1214 2667 1292 2705 sum-

68 2740 163 2804 mam
186 2748 250 2823 ejus
273 2750 465 2807 auctoritatem
491 2750 718 2826 complectimur,
742 2750 821 2806 omui
848 2747 1021 2804 dubitatione
1046 2754 1166 2810 semota,
1193 2742 1291 2800 divino

66 2815 198 2899 lumine
213 2842 332 2920 indiget.
374 2844 452 2902 Hinc
468 2846 499 2902 fit
512 2857 542 2903 nt
557 2846 725 2921 plerumque
743 2844 870 2900 haereant
884 2841 999 2918 plurimi
1014 2850 1178 2916 argumenta
1193 2839 1291 2896 huma-

63 2928 116 2985 na
136 2939 220 2995 lance
236 2951 400 3012 pensantes,
415 2941 497 3010 quod.
515 2943 546 3000 in
559 2950 702 2998 sectarum
722 2939 845 2994 asseclis>
864 2938 958 2996 videre
980 2946 1033 2989 est.
1076 2933 1199 2997 Quodsi
1220 2950 1290 2991 nan·

63 3024 175 3091 uultis
201 3033 348 3108 contingat
375 3035 506 3107 quaedam
532 3033 673 3110 dogmata,
700 3034 763 3090 aliis
792 3031 972 3108 posthabitis,
998 3047 1063 3086 cum
1089 3029 1138 3104 pio
1166 3026 1290 3099 quodam

61 3119 193 3201 affectu
219 3128 372 3205 complecti
399 3143 427 3189 et
451 3148 640 3206 propugnare,
667 3130 808 3188 humanus
834 3147 893 3201 quo
915 3128 1043 3185 laborant
1067 3125 1192 3197 alioquin
1213 3142 1291 3182 error

59 3215 192 3295 Poterit
213 3243 427 3298 nonnumquam
443 3225 637 3285 ,invincibilia
652 3244 729 3293 esse,
744 3226 868 3298 ideoque
881 3244 947 3283 cum
968 3223 1025 3281 fide
1039 3223 1134 3279 diviua
1154 3221 1290 3284 existere,
1342 3219 1345 3225 ’

58 3301 337 3394 Quandocumque
361 3332 455 3380 autem
470 3323 549 3380 adest
570 3324 656 3380 animi
682 3324 848 3398 pertinacia,
864 3323 990 3380 studium
1015 3320 1089 3394 quod
1106 3319 1292 3396 praseserunt

58 3413 280 3485 quorumdam
305 3417 469 3494 dogmatum
493 3419 649 3477 humanum
674 3430 728 3484 est,
750 3437 787 3475 ex
811 3419 989 3483 educatione,
1014 3418 1144 3482 utilitate,
1169 3429 1292 3472 sectaeve

59 3507 213 3589 feoapris
230 3513 377 3588 principiis
392 3524 495 3571 ortum.
537 3513 622 3580 Quod
637 3513 759 3588 pertinet
772 3512 807 3569 ad
829 3511 995 3567 Catholioos
1010 3510 1166 3584 improbos,
1188 3510 1292 3583 poterit

57 3593 145 3671 fisci
161 3619 198 3667 ut
211 3608 299 3681 aliqui
314 3628 351 3668 ox
361 3610 417 3668 illis
432 3611 526 3668 studio
537 3611 630 3687 magis
644 3610 776 3685 partium,
787 3626 872 3680 quam
882 3606 988 3663 divine
1002 3605 1098 3681 gratie
1111 3615 1188 3660 motu
1203 3604 1287 3663 tidem

59 3703 291 3783 propugnante
314 3705 376 3764 aliis
391 3708 486 3783 gratiae
501 3707 627 3783 impulsu
641 3705 832 3772 credentibus,
848 3703 978 3778 quamvis
992 3701 1119 3773 alioquin
1133 3709 1293 3776 repugnent

62 3802 192 3867 Gratiae
207 3819 260 3858 eos
274 3800 308 3858 ad
323 3801 472 3860 meliorem
487 3804 573 3860 vitam
588 3803 693 3878 pariter
706 3800 843 3858 moventi.
1330 3784 1334 3794 ⁶

122 3901 181 3955 43.
206 3895 274 3975 Obj.
292 3903 338 3957 10.
361 3899 569 3972 Unusquisque
595 3899 681 3956 sentit
702 3907 733 3956 et
754 3900 835 3954 novit
855 3915 888 3954 se
911 3912 1008 3971 posse,
1030 3893 1055 3949 si
1078 3891 1155 3957 velit,
1180 3893 1296 3949 virtutis

68 4000 180 4070 opera
201 3993 358 4068 perlicere:
394 3995 567 4070 plurimique
587 4013 687 4071 reapse
712 3993 862 4070 perficiunt
882 3991 931 4064 qui
954 3987 1176 4066 supernaturalia
1196 3986 1295 4066 gratiae

69 4089 200 4149 auxilia
215 4108 331 4164 prorsus
345 4090 496 4168 denegant,
512 4092 646 4161 Unitarii,
662 4091 867 4158 Rationalistae,
883 4089 1072 4165 Philosophi,
1093 4085 1209 4146 Ethnici
1224 4084 1292 4160 ipsi,

74 4187 216 4243 tecente
232 4187 375 4262 sportolo
389 4188 580 4246 “naturaliter
594 4207 628 4245 ea
642 4208 704 4262 que
719 4188 791 4265 legis
805 4197 872 4246 sunt
886 4185 1040 4244 faciunt.”².

39 4330 42 4335 .
129 4281 182 4341 44.
203 4277 294 4358 Resp.
315 4281 415 4341 Potest
428 4282 543 4356 quidam
556 4285 679 4358 quisque
693 4284 774 4362 plura
787 4284 892 4344 elicere
905 4301 1003 4360 opera,
1018 4298 1081 4352 que
1096 4273 1247 4338 moraliter
1261 4270 1296 4336 ul
1316 4265 1323 4277 ⁸

524 4514 562 4574 (1)
580 4511 653 4562 Rom
663 4511 689 4562 ii.
703 4514 741 4563 14.
