2730 5018
120 129 176 189 let
382 114 680 186 permensus
701 117 787 184 DE'O
809 118 1025 185 PE'R'SONIS.

119 282 187 345 dnm
201 282 330 343 divinum
344 281 692 358 implorarenteuxilium,
707 291 736 338 et
749 297 831 361 spem
846 299 933 354 qnam
947 282 1080 350 forebant
1093 274 1311 342 manifestarent

121 381 170 439 Sic
184 378 364 438 erediderunt
377 378 512 436 israelite
524 377 661 444 Domino,
677 386 705 433 et
718 378 820 473 Mopsi
834 395 918 436 serso
933 379 1015 455 ejus3
1036 396 1187 454 perquem
1209 379 1346 451 scillei}

120 473 219 535 divine
233 475 275 532 eis
289 475 473 532 innotuerunt
487 471 628 531 mandata.
653 471 703 530 in
718 472 859 548 adiunctis
874 473 968 530 verbis
983 483 1012 530 et
1031 473 1168 537 orationis
1183 473 1260 530 serie
1279 493 1331 537 ι,
1364 539 1365 554 ¹

117 570 228 627 venitur
242 566 415 625 discriminis
429 567 520 633 ratio;
542 584 631 638 quum
652 566 745 633 Pater,
760 576 789 623 et
809 566 911 633 Filius,
926 577 955 624 et
969 567 1093 642 Spiritus
1116 569 1242 625 Sanctus
1262 586 1347 645 effi

115 671 296 728 censeantur,
309 661 388 718 nullo
403 659 525 736 disparis
539 669 645 717 nature
659 659 724 717 dato
739 659 854 718 indicio.
896 661 951 718 Vis
963 662 1121 738 argumenti
1133 681 1172 719 ex
1182 661 1324 738 singuli-

107 775 236 817 ⁴numero
251 759 308 814 noh
323 755 437 831 pendet.
450 754 608 812 desumitur
622 755 699 812 enim
714 756 856 831 precipue
871 774 909 813 ex
924 755 1102 814 invocatione
1117 758 1203 815 trium
1221 775 1361 838 ραις,

119 870 229 919 narom,
243 861 386 924 tamquam
401 850 496 927 grathe
519 859 549 906 et
561 849 660 906 salutis
681 861 837 907 auctorum.
883 850 1026 909 Ceterum
1047 852 1244 926 spernendum
1264 870 1355 937 eq„

119 958 163 1006 est
186 944 474 1023 argumenteminde
499 943 585 1003 etiem
611 944 751 1019 petitum
777 961 867 1014 quum
890 960 999 1005 nornen
1022 947 1221 1005 auctoritatem
1244 965 1347 1026 apud

120 1059 217 1101 sacros
232 1041 385 1116 scriptores
398 1039 508 1115 passim
522 1039 674 1114 significet,
688 1048 717 1095 et
730 1039 762 1096 S.
778 1038 885 1097 Paulus
900 1038 989 1097 simili
1009 1051 1177 1117 argumento
1198 1059 1237 1098 ex
1258 1060 1337 1118 pto,

120 1138 259 1203 missione
274 1137 346 1193 lacta
360 1135 493 1203 Abrahte,
509 1143 538 1191 et
551 1135 655 1192 semini
678 1137 752 1210 ejus,
768 1135 810 1192 uti
831 1153 890 1193 non
910 1135 948 1192 sit
967 1134 1147 1213 dedignatus.
1188 1137 1327 1209 Retiong.

120 1234 249 1295 listerum
264 1239 358 1289 antem
373 1229 527 1305 explicatio
541 1229 656 1286 arbitrio
670 1229 792 1286 conficte
805 1240 859 1296 est,
874 1242 1051 1307 repugnante
1069 1231 1155 1290 obvio
1169 1232 1319 1304 verborum

121 1345 219 1395 sensu,
234 1336 263 1383 et
277 1343 329 1384 usu
343 1324 491 1397 loquendi,
507 1342 593 1396 quem
607 1342 644 1382 ex
656 1323 805 1383 traditione
820 1325 1023 1393 vetustissima,
1034 1335 1063 1383 et
1076 1326 1195 1386 Petrum
1209 1328 1314 1406 scripti,

120 1423 254 1498 colligere
279 1429 333 1478 est„
373 1418 518 1492 Equidem
543 1419 683 1481 absonum
707 1429 752 1476 est
776 1420 862 1477 verba
887 1420 999 1478 Christi
1026 1421 1065 1478 ita
1085 1421 1312 1499 interpretamur

116 1517 239 1595 jussisse
253 1522 402 1572 censeatur
422 1512 567 1589 baptizare
591 1514 755 1570 auctoritate
779 1512 844 1581 Dei,
860 1523 888 1570 et
903 1514 1032 1581 Messiae,
1047 1523 1077 1572 et
1100 1516 1145 1573 vis
1168 1509 1308 1593 cujusdem

125 1610 240 1671 divine.

163 1710 231 1770 ul.
256 1702 323 1781 oq.
338 1708 367 1761 2.
382 1703 478 1761 Verba
491 1703 599 1762 Christi
607 1703 816 1781 pleonnsmum
825 1709 981 1767 coutinent¹
993 1707 1133 1768 Mattheo
1142 1708 1361 1795 familiarem,-

124 1803 264 1881 baptizari
277 1802 388 1859 scilicet
398 1807 432 1866 hs
442 1807 473 1855 ro
483 1806 558 1869 ὄνομα
580 1802 641 1859 “in
655 1802 792 1869 nomen,'’
809 1804 883 1862 idem
898 1815 943 1861 est
955 1823 990 1862 nc
1004 1806 1142 1880 baptizari
1153 1807 1184 1864 in
1199 1807 1319 1880 Patrem,

122 1909 152 1958 et
164 1898 281 1964 Filium,
304 1905 333 1952 et
348 1894 485 1971 Spiritum
501 1894 656 1953 Sanctum:
678 1896 752 1958 siout
776 1896 879 1963 dicitnr
902 1899 966 1971 quis
988 1899 1019 1956 in
1033 1900 1150 1958 nomine
1164 1901 1319 1979 prophete,

118 1993 201 2071 justi,
217 1991 263 2048 vel
277 1988 548 2065 discipuli-aliquem
572 1991 710 2066 recipere,
724 1993 837 2064 qnando
862 1994 1042 2070 prophetem,
1058 1995 1182 2070 justum,
1199 1995 1322 2075 discipu·

122 2089 193 2154 lum,
208 2096 324 2162 propter
336 2084 417 2141 dotes
431 2082 483 2140 has
498 2082 585 2142 domo
599 2087 731 2162 exeipit.⁸
770 2087 948 2145 Israelitein
963 2089 1089 2165 Moysen
1103 2096 1192 2157 ἰιςτόν
1209 2102 1321 2166 Mnssrp

122 2182 256 2259 baptizati
271 2180 305 2238 eb
319 2179 461 2257 Apostolo
485 2179 626 2247 dicuntur,
642 2184 709 2254 qnia
729 2183 823 2260 legem
843 2196 872 2243 et
891 2186 997 2243 cultum
1013 2187 1048 2244 ab
1068 2203 1104 2246 eo
1126 2184 1324 2262 prescriptum

122 2277 256 2356 amplecti
269 2276 436 2342 debuerunt,
450 2274 548 2333 divine
562 2277 737 2352 protectione
752 2280 781 2336 in
798 2280 878 2347 meri,
894 2291 922 2338 et
936 2281 989 2342 snb
1001 2282 1076 2340 nube
1091 2280 1210 2358 dignati.
1244 2279 1327 2357 Ergo

122 2372 256 2453 discipuli
275 2368 439 2446 baptizandi
453 2378 533 2428 erant
554 2371 583 2428 in
604 2372 729 2441 Patrem,
751 2374 858 2432 Filium
881 2387 909 2432 et
933 2377 1072 2452 Spiritum
1093 2376 1242 2442 Sanctum,
1252 2370 1326 2448 ¹qnia

124 2471 218 2545 legem
233 2476 262 2525 et
282 2465 400 2532 cultum,
415 2482 501 2537 quem
516 2465 619 2533 Filius,
634 2475 780 2539 tamqnam
802 2470 896 2527 Patris
920 2471 1041 2548 legatus,
1056 2471 1244 2548 prescripsit,
1266 2488 1325 2528 arn·

125 2564 213 2643 plecti
226 2562 395 2624 debuerunt,
411 2560 535 2636 Spiritus
551 2561 647 2619 Sancti
662 2561 739 2621 dono
759 2566 968 2624 remunerandi.
1010 2567 1079 2626 Non
1093 2566 1226 2625 dissentit
1246 2565 1329 2624 Hila-

123 2663 182 2720 rius
197 2660 247 2734 qui
261 2659 330 2717 dicit
344 2657 493 2716 Christum
508 2665 528 2692 ‘⁶
540 2658 683 2733 baptizare
694 2659 820 2735 jussisse
834 2661 864 2719 in
876 2661 1057 2721 consessione
1072 2663 1206 2730 auctoris,
1222 2675 1252 2719 et
1266 2661 1327 2718 uni·

127 2758 227 2835 geniti,
242 2764 272 2812 et
285 2751 401 2810 doni.”⁸
1344 2812 1347 2818 ,

167 2856 235 2908 112.
256 2849 345 2924 Reap.
368 2847 447 2903 Usus
461 2855 505 2902 est
519 2847 627 2922 optima
641 2849 737 2924 legum
753 2851 890 2926 interpres
904 2871 912 2909 τ
933 2863 1043 2911 constat
1057 2851 1124 2916 verd
1139 2872 1155 2910 a
1169 2853 1329 2911 remetissi.

125 2946 180 3002 mis
195 2942 369 3017 temporibus
384 2939 556 3014 baptismum
571 2943 693 3000 conferri
708 2930 903 3014 consuevisse,
916 2948 988 3024 ipsis
1004 2949 1114 3005 Christi
1131 2948 1244 3005 verbis:
1270 2957 1290 2984 ‘⁴
1301 2949 1331 3006 iu

10 3108 16 3117 ἱ
126 3041 242 3098 nomine
257 3036 361 3104 Patris,
377 3047 406 3091 et
419 3035 497 3102 Filii,
519 3047 548 3092 et
569 3038 693 3113 Spiritus
715 3041 842 3110 Sancti,'’
858 3044 943 3101 trium
958 3063 1142 3120 personarum
1165 3045 1331 3103 auctoritate

125 3149 153 3195 et
176 3135 365 3196 invocatione,
389 3147 453 3202 qnae
478 3130 563 3187 etiam
588 3133 661 3190 trina
688 3135 872 3195 immersione
897 3140 1131 3216 significabatur.⁴
1182 3139 1332 3213 Equidem

126 3229 255 3290 Matthaei
277 3229 458 3302 interpretem
473 3235 584 3282 constat
597 3236 630 3296 h,
650 3231 882 3305 prepositionem
911 3254 976 3293 cum
996 3235 1151 3294 accusativi
1172 3254 1258 3294 casus
1280 3253 1332 3294 uo·

126 3329 204 3387 mine
219 3343 269 3402 pro
281 3356 306 3387 εν
320 3340 384 3380 cum
398 3320 485 3378 dativi
499 3338 714 3396 nonnumquam
728 3345 875 3404 usurpare.
917 3331 966 3388 Sic
984 3332 1117 3390 Christus
1139 3349 1176 3389 ne
1195 3333 1332 3408 juremus

127 3437 233 3485 temere
247 3431 344 3480 vetans
361 3419 519 3484 exhibetur,
529 3421 622 3489 μῂτιέν
631 3427 666 3477 ec,
676 3428 764 3492 ὀνρανῶ
776 3461 783 3475 .
795 3461 802 3475 .
812 3424 874 3497 μήτε
885 3431 910 3481 ἐν
920 3431 954 3497 «ἦ
965 3432 998 3499 ps}
1010 3465 1017 3479 ,
1028 3464 1035 3480 ,
1045 3427 1109 3500 μήτε
1116 3428 1333 3504 Μερωολυμφ,

127 3521 192 3578 Alio
205 3520 270 3577 loco
289 3515 375 3573 refert
388 3512 538 3570 Christum
552 3510 729 3586 congregatis
743 3512 776 3570 ἐις
786 3517 816 3564 τὸ
827 3514 883 3578 ἐμὸν
893 3517 968 3580 ὄνομα
979 3514 1009 3572 in
1022 3516 1139 3573 nomine
1153 3535 1207 3575 suo
1232 3538 1265 3576 se
1280 3521 1330 3578 sd-

60 3601 63 3607 *
128 3615 252 3678 futurum
261 3609 428 3688 promisisse
442 3607 465 3675 3⁸
478 3604 555 3679 quod
569 3602 719 3662 manifesti
734 3602 812 3661 deiis
828 3604 876 3676 qui
886 3605 949 3681 ejus
961 3609 1124 3667 anctoritate
1138 3613 1325 3689 conveniunt,

126 3709 399 3782 eumqueinvoeant,
408 3699 622 3778 intelligendum
629 3708 683 3756 est.
701 3698 904 3769 Tertullianus,
913 3701 996 3777 juxta
1005 3704 1154 3781 pristinam
1166 3709 1331 3771 versionem

388 3949 424 4008 (l)
442 3944 650 4008 Rosenmttllerin
661 3945 749 3994 locum

390 4028 426 4091 (2)
445 4030 515 4078 Mntt.
525 4044 551 4077 x.
562 4027 599 4075 41.
613 4025 654 4075 42.

390 4115 427 4172 (3)
445 4111 475 4162 L.
486 4113 512 4161 ii.
520 4112 550 4160 de
563 4109 684 4160 Trinitets
694 4125 720 4159 n.
732 4108 753 4159 l.

367 4193 372 4201 “
393 4198 432 4260 (4)
449 4195 562 4246 suenum
574 4193 810 4260 neuportum,
823 4214 824 4217 ¹

390 4281 427 4340 (tt)
445 4278 511 4328 Vide
521 4277 666 4330 Bloomfield
678 4279 704 4328 in
716 4278 773 4328 Act.
784 4278 836 4328 xix.
848 4281 872 4330 ³.
883 4287 908 4330 et
918 4279 990 4330 Mett.
1001 4296 1025 4331 v.
1035 4283 1076 4341 ³4,

395 4363 435 4427 (6)
453 4363 524 4414 Man
536 4364 651 4413 xviiiio.
