2744 5024
375 248 434 324 nn
454 258 660 323 Jusrtrrra
681 256 995 355 racuuomoun.
1011 276 1042 383 δ’
1130 294 1140 309 -
1231 263 1290 323 sss

82 417 208 477 arithm
222 417 409 487 imitarentur,
424 418 549 477 inimicis
575 406 771 494 gratificando.
813 415 910 476 Nemo
924 427 969 476 est
990 411 1045 492 qui
1060 437 1202 479 summam
1223 417 1288 479 Nu·

80 514 172 578 nisis
186 515 397 592 perlectionem
411 512 615 588 adaquandum
630 511 826 571 somniaverit.

127 614 197 669 383.
222 609 291 689 ooj.
306 616 337 670 3.
359 618 380 647 “
390 609 495 669 Omnis
511 609 561 683 qui
574 621 656 668 uatus
671 618 716 666 est
728 626 766 666 ex
780 607 855 676 Deo,
869 619 1019 685 peccatum
1034 629 1094 670 non
1113 610 1197 669 facit:
1218 627 1289 682 quo·

63 700 164 763 'niam
175 722 278 762 seman
301 704 394 780 ipsius
408 704 438 761 in
451 722 488 761 ao
509 714 615 770 manet,
629 712 658 760 ct
671 721 730 761 non
750 710 845 779 potest
867 721 997 778 pascam,
1012 705 1147 778 quoniam
1166 722 1204 763 ex
1223 703 1290 763 uas

80 807 169 856 nanas
182 797 272 856 est.”¹
293 799 374 875 Ergo
388 797 497 856 nullum
514 809 661 873 peccatum
676 797 795 854 omnino
808 796 840 854 in
849 796 968 856 homine
982 810 1081 858 ranato
1097 800 1222 875 reperire
1235 809 1289 856 est.

134 895 205 950 384.
226 891 320 970 Resp.
341 892 499 968 Apostolus
522 891 700 949 sanctitatem
714 908 779 962 quae
792 888 875 948 decet
885 890 996 950 Christi
1015 892 1172 969 discipulos
1186 911 1222 952 oo
1235 892 1292 951 loci

89 987 222 1056 incolam,
237 1005 288 1045 eos
304 1005 424 1047 monens
439 997 471 1045 ut
490 987 668 1045 sanctificent
687 1003 730 1052 se,
745 985 780 1042 atl
804 985 924 1062 gloriam
939 987 1097 1056 colestem,
1118 1006 1205 1060 quam
1225 1006 1292 1063 spe·
1320 1058 1326 1065 δ

88 1091 159 1150 rant,
173 1081 405 1155 assequendam:
429 1081 564 1140 “Omnis
578 1081 630 1153 qui
655 1081 740 1139 habet
760 1080 834 1138 hanc
855 1099 938 1158 spem
960 1082 991 1140 in
1012 1101 1049 1140 ao
1070 1083 1229 1140 sanctificat
1247 1099 1291 1147 se,

89 1177 162 1235 sicut
175 1187 206 1234 et
218 1177 267 1235 ille
280 1189 396 1235 sanctus
411 1175 504 1248 est'fl'
542 1176 619 1243 Quid
640 1175 741 1233 debeat
762 1177 855 1234 lacera
876 1177 979 1248 innuit,
992 1187 1024 1236 ut
1037 1196 1105 1254 spcs
1121 1178 1170 1236 illa
1190 1178 1291 1236 valeat.

90 1272 138 1339 ¹Sic
161 1273 199 1330 ob
220 1273 399 1330 >nativitatem
421 1290 507 1345 quarn
528 1270 585 1330 fide
599 1284 628 1331 et
650 1271 799 1348 Baptismo
823 1273 945 1346 quisque
965 1285 1135 1333 consecutus
1156 1282 1211 1341 est,
1224 1273 1295 1331 dicit

91 1385 327 1439 unumquemque
349 1385 408 1424 non
422 1384 551 1442 peccare,
567 1383 621 1423 nec
635 1384 754 1441 peccare
770 1385 866 1440 posse,
880 1368 1000 1436 scilicet,
1015 1368 1115 1443 quine
1136 1357 1294 1446 priiilegiis

90 1460 165 1518 illius
183 1461 337 1518 nativitatis
352 1459 474 1525 decidat,
489 1459 601 1516 semine
618 1458 727 1515 coelesti
751 1457 868 1518 amisso.
911 1459 1055 1519 Ceterum
1070 1460 1105 1518 da
1127 1472 1244 1536 peccato
1265 1472 1294 1519 at

92 1553 249 1627 iniquitate,
264 1555 344 1631 gravi
357 1554 468 1612 scilicet
480 1553 553 1629 legis
568 1553 809 1629 prevaricatione,
824 1553 882 1631 agit
895 1553 1063 1631 Apostolus,
1076 1573 1134 1614 non
1156 1555 1191 1614 de
1206 1555 1295 1614 levio·

91 1648 167 1708 ribus
181 1649 287 1725 culpis,
302 1650 406 1722 quibus
422 1649 518 1726 justos
533 1648 674 1706 obnoxios
689 1666 754 1706 esse
773 1649 842 1707 alias
853 1649 969 1708 iudicat.

127 1748 199 1803 385.
226 1742 294 1823 obj.
311 1749 340 1803 3.
360 1743 392 1802 S.
414 1744 595 1820 Augustinus
616 1743 703 1800 dicit:
725 1744 790 1801 “Si
810 1763 827 1801 a
846 1763 894 1802 me
917 1757 1067 1818 queratur,
1089 1755 1183 1804 utrum
1205 1746 1295 1805 homo

93 1839 152 1898 sine
166 1852 288 1916 peccato
302 1834 367 1898 esse
390 1839 482 1915 possit
502 1840 533 1897 in
553 1838 608 1897 hac
623 1840 689 1906 vita,
703 1839 860 1897 confitebor
873 1858 961 1916 possa
983 1858 1035 1916 per
1056 1839 1112 1898 Dei
1133 1841 1252 1916 gratiam
1266 1852 1296 1898 ct

94 1933 215 1994 liberum
231 1937 295 2012 ejus
310 1933 505 1993 arbitrium.”⁸
684 1998 687 2007 Δ
903 1986 909 1993 ,

129 2033 202 2088 388.
223 2028 315 2107 thp.
356 2030 456 2089 Potsst
470 2027 585 2101 quidem
607 2027 745 2095 absolute,
760 2028 829 2100 quia
849 2028 927 2087 nulla
947 2040 992 2088 est
1012 2030 1150 2107 peccandi
1170 2032 1296 2112 necessi·

95 2131 152 2189 tas;
176 2114 305 2200 spectata
327 2134 421 2182 antam
443 2121 569 2181 humana
589 2122 747 2198 fragilitate,
770 2143 828 2182 non
849 2132 953 2201 potest,
969 2144 1035 2184 nam
1059 2127 1132 2184 inter
1159 2127 1212 2184 tria
1230 2145 1295 2199 quae

97 2215 226 2278 Ecclesia
240 2218 389 2286 catholica,
407 2227 527 2275 testamc
549 2217 723 2293 Augustino,
738 2229 837 2276 contra
856 2219 1027 2297 Pelagianos
1047 2219 1184 2287 defendit,
1200 2221 1296 2278 “altc-

97 2327 154 2370 rum
169 2321 226 2379 est,
241 2313 272 2368 in
286 2321 515 2384 quantacumque
532 2311 642 2386 justitia
656 2311 719 2368 sine
734 2312 962 2386 quibuscumque
977 2315 1101 2391 peccatis
1115 2315 1146 2373 in
1160 2315 1215 2373 hoc
1236 2334 1297 2375 cor·

96 2405 221 2482 npttbiti
236 2423 356 2480 corpore
370 2404 516 2463 nerninem
531 2403 673 2463 vivere.”‘

133 2504 207 2559 387.
234 2496 301 2577 orj.
316 2502 346 2555 4.
369 2499 402 2555 Si
416 2499 455 2556 sit
467 2516 539 2575 vaga
553 2499 683 2571 quaedam
698 2511 727 2557 ot
740 2501 856 2558 moralis
870 2505 1026 2560 necmsitas
1039 2505 1069 2561 iu
1083 2505 1182 2580 culpas
1195 2506 1295 2563 saltem

92 2595 223 2653 veniales
246 2593 403 2661 incidendi,
419 2593 506 2651 homo
528 2594 683 2664 nequidem
705 2595 794 2669 matis
808 2594 919 2653 Christi
941 2608 1056 2654 sanatus
1070 2606 1124 2664 est,
1139 2597 1191 2655 sed
1204 2599 1297 2657 adhuc

88 2683 204 2746 laborat
220 2687 346 2744 vulnere.

133 2787 206 2840 388.
228 2781 319 2858 Resp.
335 2781 459 2839 Senatus
469 2792 513 2838 est
523 2779 1004 2857 homodivinagratia,quatenuset
1013 2794 1193 2859 peccatorum
1205 2784 1298 2842 indul·

87 2877 237 2956 gentiam,
250 2886 279 2934 et
292 2876 399 2935 auxilia
412 2875 446 2932 ad
459 2877 530 2933 bene
545 2875 685 2954 agendum
700 2876 853 2951 accipitet
866 2878 987 2954 singulis
1000 2880 1199 2937 tentationibus
1213 2881 1297 2938 rosis·

74 2977 153 3032 tere
169 2973 253 3031 valet.
282 2972 427 3030 Ceterum
441 2972 566 3048 perfecta
578 2972 702 3030 vulneris
718 2970 831 3031 medela
844 2974 874 3032 in
888 2973 974 3032 altera
985 2975 1044 3033 vita
1053 2976 1228 3052 expectanda
1242 2987 1295 3034 est

390 3144 513 3202 Sucrro.
531 3143 584 3202 lll.
613 3143 661 3202 Du
675 3163 818 3204 marinna
833 3165 1008 3207 scansuro.

138 3300 333 3359 santonos
358 3299 389 3356 in
416 3299 515 3374 culpas
544 3299 668 3357 veniales
693 3301 849 3362 identidem
872 3304 997 3365 incidens
1022 3306 1129 3380 liquat:
1152 3325 1209 3365 non
1232 3305 1299 3365 ideo

91 3403 193 3453 manen
209 3395 240 3451 in
254 3393 365 3450 virtutis
379 3393 483 3450 semita
496 3393 597 3449 sistere
612 3408 761 3468 coguntur,
776 3397 827 3453 sed
842 3399 872 3455 iu
887 3399 959 3468 dies,
974 3400 1124 3476 adjuvante
1145 3402 1220 3470 Deo,
1234 3421 1299 3479 pro·

96 3490 180 3568 gredi
193 3499 325 3567 possunt,
340 3487 375 3545 ad
389 3488 595 3565 perlectionem
611 3489 706 3544 viriles
720 3489 851 3548 iaciendo
865 3503 994 3552 conatus.
1016 3496 1165 3555 Bonorum
1179 3516 1299 3573 operum

99 3587 239 3643 exercitio
262 3584 359 3660 augeri
377 3583 517 3659 justitiam
543 3581 640 3639 docuit
661 3583 813 3642 concilium
839 3585 1052 3654 Tridentium,
1077 3599 1107 3645 et
1127 3591 1299 3648 contrarium

101 3699 225 3739 errorem
261 3680 439 3737 anathemata
474 3679 629 3754 percussit:
667 3687 686 3715 ¹¹
697 3679 731 3736 Si
755 3681 821 3754 quis
854 3679 958 3740 dixerit
988 3684 1127 3760 justitiam
1154 3697 1301 3761 acceptam

102 3793 159 3834 non
187 3775 361 3841 conservari,
391 3785 476 3846 atque
502 3773 586 3830 etiam
615 3792 672 3832 non
700 3778 797 3851 augeri
818 3795 913 3835 coram
934 3777 999 3837 Deo
1026 3799 1077 3856 per
1103 3781 1178 3839 bona
1204 3799 1301 3858 opera,

104 3869 153 3927 sed
176 3889 264 3945 opera
291 3869 353 3945 ipsa
375 3867 483 3925 fructus
505 3866 698 3937 solummodo,
719 3882 748 3927 et
767 3873 849 3947 sigua
868 3890 933 3930 essa
948 3874 1162 3950 justificationis
1183 3876 1303 3954 adeptae,

105 3981 161 4024 son
175 3976 270 4025 autern
286 3964 377 4042 ipsius
392 3962 528 4040 augendae
543 3980 668 4037 causam,
682 3965 833 4029 anathema
845 3965 928 4024 sit.”³
967 3968 1110 4030 lantherus
1122 3982 1302 4030 asseruerat:

403 4117 446 4183 (l)
465 4116 485 4167 l.
495 4115 568 4167 ioan.
579 4117 614 4167 iii
626 4120 650 4167 3.

403 4201 444 4265 (2)
463 4199 590 4274 Ibidst.
600 4203 624 4248 3.

404 4283 446 4349 (3)
465 4279 497 4332 L.
507 4282 533 4332 it
546 4281 577 4332 dc
587 4298 640 4347 pac.
651 4298 711 4333 mar.
721 4290 812 4335 atram.
822 4301 845 4336 c.
855 4287 887 4339 vi.

405 4366 449 4431 (4)
468 4364 497 4417 L.
508 4365 539 4414 ds
551 4365 617 4416 dono
627 4383 691 4432 pars.
701 4383 724 4418 c.
735 4372 759 4419 3.
770 4385 796 4420 n.
806 4372 831 4420 t.

405 4451 444 4514 (a)
461 4450 528 4502 Sans.
537 4450 571 4501 vt
581 4467 636 4503 oen.
647 4454 689 4504 at.
