2744 5024
80 244 141 303 era
329 242 386 303 ue
405 240 708 302 eeoeursoms
730 243 1075 307 exrecrsmorre.
1124 226 1129 232 '

82 408 133 466 sic
155 398 289 461 Christus
310 403 373 479 ipse
399 412 481 463 vocet
504 401 685 460 Pharisaeos:
709 411 887 479 “serpentes
907 402 1055 479 genimina
1074 402 1271 479 viperarum.”¹
1305 434 1307 471 ι

80 501 140 568 Qui
154 499 189 558 de
203 498 266 556 solo
288 498 427 569 odioque
448 497 581 555 homines
601 506 749 572 serpentes
771 509 982 573 persequuntur
1001 507 1111 555 textum
1126 498 1268 574 explicant,

80 613 197 654 ornnem
212 612 326 669 poenam
341 592 492 669 denegant,
507 611 573 650 nem
588 592 657 650 illud
673 593 797 651 naturale
812 602 867 661 est,
881 602 911 652 et
930 612 997 652 cum
1018 594 1141 670 pristina
1154 593 1201 651 illa
1219 604 1268 650 teu·

80 690 186 747 tatium
200 687 276 747 haud
292 690 452 747 necessario
473 707 647 746 connexum.
688 689 715 747 E
737 699 836 746 contra
856 689 975 765 plenum
990 689 1144 746 verborum
1165 706 1267 747 sensum

80 781 158 851 dant,
172 785 222 857 qui
236 785 265 841 in
280 803 316 842 eo
331 784 467 841 indicium
483 794 511 841 et
525 784 690 842 memoriale
705 783 847 856 quoddam
869 794 1069 860 agnoscentes,
1085 783 1121 841 ad
1142 783 1264 842 daemonis

79 880 206 937 referunt
219 879 328 937 cladem
343 898 407 952 que
418 878 454 936 de
469 879 562 956 capite
576 880 718 954 serpentis
732 879 927 937 conculcando
942 879 1078 956 praedicte
1092 889 1167 937 sunt

120 977 172 1030 20.
198 973 265 1052 ooj.
286 979 316 1031 2.
338 973 508 1032 Benedictio
532 975 661 1033 omnium
684 974 813 1051 gentium
838 973 971 1041 Abrahae,
993 974 1094 1031 isaaco
1119 982 1148 1029 et
1171 971 1262 1031 Jacoho

80 1068 233 1144 promissa,
250 1088 300 1144 per
311 1081 440 1145 posteros
455 1087 564 1136 eorum,
581 1079 600 1105 ‘¹
613 1072 642 1127 in
664 1067 807 1135 semine,'’
821 1087 880 1127 non
893 1087 945 1144 per
964 1067 1089 1141 aliquem
1108 1067 1262 1143 singularem

80 1164 185 1231 virum,
200 1176 260 1222 erat
273 1164 467 1223 diffundenda.
489 1165 573 1232 Quod
588 1175 683 1222 autem
698 1165 806 1222 Paulus
815 1164 850 1222 ad
863 1163 1011 1222 Christum
1024 1181 1088 1221 eam
1100 1163 1206 1230 referat,
1216 1164 1261 1221 vin

6 1244 17 1259 ¹
80 1258 218 1335 singulari
233 1260 295 1316 roci
310 1261 446 1327 tribuens,
463 1261 493 1316 fit
507 1272 604 1317 contre
618 1259 723 1335 lingue
739 1259 889 1318 Hebraicae
909 1258 1047 1326 indolem,
1063 1277 1128 1330 quae
1142 1257 1276 1333 pluralem·

80 1370 231 1411 numerum
257 1365 382 1461 ῦιγηῐ
408 1374 465 1413 non
490 1355 622 1422 admittit,
647 1356 704 1412 nisi
728 1355 764 1412 de
793 1355 952 1432 plantarum
981 1353 1150 1411 seminibus.
1198 1350 1260 1408 Hinc

83 1467 224 1527 llinerue
239 1484 313 1529 recte
328 1472 480 1538 monuit,‘
484 1472 577 1529 ‘hanc
591 1471 672 1530 Pauli
684 1472 957 1548 argumentationem
978 1470 1128 1528 homiuum
1149 1467 1259 1545 judaico

79 1582 153 1632 rum,
170 1566 340 1637 quibuscum
357 1578 462 1642 ageret,
484 1567 606 1644 ingeniis
621 1568 723 1645 magis,
737 1585 823 1639 quem
837 1566 943 1643 linguae
963 1564 1104 1623 hebraicae
1125 1563 1260 1622 rationibus

80 1661 324 1720 accommodatam
337 1663 447 1721 esse.”²

119 1763 169 1816 21,
191 1758 280 1837 Besp.
303 1761 385 1819 Licet
398 1773 426 1819 et
447 1771 576 1839 posteros
591 1762 741 1820 universos
762 1762 895 1830 Abrahae,
911 1760 1090 1834 aliorumque
1112 1757 1262 1837 patriarcha·

80 1872 154 1921 rum,
170 1856 244 1912 filios
261 1858 378 1924 scilicet,
393 1859 443 1929 qui
465 1858 530 1915 fidei
546 1867 574 1915 et
590 1857 709 1935 justitiae
730 1868 798 1916 sunt
812 1858 950 1924 haeredes,
973 1855 1144 1931 intelligere,
1166 1866 1193 1911 et
1210 1868 1262 1910 euru
1294 1858 1298 1865 '

80 1953 128 2023 qui
144 1953 238 2009 omnis
249 1953 370 2028 justitiae
383 1965 412 2010 et
426 1955 524 2011 salutis
539 1965 583 2011 est
597 1968 704 2022 auctor,
717 1954 862 2012 Christus.
887 1946 1032 2025 Equidem
1043 1951 1196 2026 Apostolus
1208 1948 1262 2007 alies

79 2042 149 2101 dicit
162 2066 169 2103 ε
187 2046 282 2103 “ideo
296 2066 332 2104 ex
344 2047 410 2114 fide,
423 2059 453 2105 ut
466 2048 624 2105 secundum
635 2052 753 2124 gratiam
766 2049 849 2106 firma
862 2048 899 2104 sit
911 2046 1064 2123 promissio
1076 2047 1156 2103 omni
1165 2042 1263 2108 semini,

79 2160 137 2199 non
147 2142 174 2199 ei
185 2143 233 2215 qui
246 2162 282 2200 ex
296 2144 359 2219 lege
372 2157 413 2201 est
428 2144 532 2210 solnm,
547 2145 597 2201 sed
609 2156 654 2202 est
664 2146 693 2202 ei
706 2146 755 2218 qui
770 2164 807 2202 ex
819 2144 875 2202 fide
887 2154 931 2201 est
940 2142 1073 2210 Abrahae,
1086 2143 1136 2215 qui
1151 2147 1265 2217 pater-est

79 2238 208 2295 omnium
225 2238 400 2296 nostrum.”⁸
440 2238 486 2295 Ad
498 2239 614 2296 Galatas
626 2250 720 2298 antem
736 2239 820 2297 docet
834 2239 983 2297 Christum
999 2238 1157 2313 praesertim
1172 2237 1201 2293 in
1214 2252 1266 2310 pro
1303 2262 1307 2309 y

79 2328 219 2390 missione
243 2334 367 2409 respici:
391 2335 500 2392 “utin
524 2334 667 2391 Gentibus
692 2330 853 2392 benedictio
874 2332 995 2390 Abrahee
1016 2321 1099 2389 lieret
1119 2331 1148 2388 in
1163 2330 1268 2387 Christo
1305 2340 1307 2345 '

77 2422 161 2494 Jesu,
176 2438 208 2484 ut
233 2429 465 2504 pollicitationem
486 2429 610 2504 Spiritus
632 2429 806 2505 accipiamus
824 2447 875 2504 per
896 2425 1029 2484 iidem.’'⁴
1070 2424 1144 2483 Haec
1165 2423 1269 2498 quiden

79 2523 187 2596 optime
202 2525 384 2581 conveniunt.
427 2525 511 2590 Quod
533 2533 626 2581 autem
650 2524 927 2582 animadversionem
947 2522 984 2579 de
1000 2522 1137 2598 singulari
1160 2536 1270 2578 numero

78 2619 187 2687 attinet,
206 2622 321 2687 Paulus,
343 2632 476 2679 eventum
499 2641 565 2678 curn
589 2623 722 2678 vaticinio
743 2621 903 2682 conferens,
930 2618 1014 2675 docet
1039 2617 1189 2674 Christum
1214 2634 1271 2673 esse

78 2730 178 2770 semen
205 2715 272 2771 illud
302 2717 418 2783 illustre,
445 2716 676 2775 benedictionum
704 2715 821 2772 iontem.
865 2714 937 2771 Haec
962 2712 1179 2789 argumentandi
1206 2711 1271 2769 ratio

77 2808 187 2866 Judaeis
203 2812 355 2870 admodum
382 2814 526 2870 familiaris
548 2832 606 2870 non
628 2813 816 2870 necessariam
839 2811 994 2874 illationem
1011 2809 1038 2865 vi
1061 2810 1141 2865 vocis
1163 2807 1272 2870 indicat,

78 2905 129 2962 sed
145 2910 312 2981 mysterium
329 2929 397 2966 voce
414 2909 625 2982 quodammodo
640 2910 782 2966 inclusum
797 2908 911 2965 evolvit.
953 2906 1018 2963 Nec
1032 2906 1125 2962 obstat
1139 2904 1216 2976 quod
1227 2904 1273 2961 lin·

78 3019 140 3075 guae
156 3003 265 3058 indoles
281 3005 351 3059 serat
364 3016 395 3059 ut
409 3006 560 3079 singularis
576 3006 740 3061 adhibeatur
755 3022 900 3061 numerus.

117 3101 166 3152 22.
194 3096 259 3172 obj.
276 3103 304 3153 3.
327 3099 501 3173 Prophetam
524 3101 612 3156 instar
634 3101 678 3156 sui
703 3099 897 3156 suscitandum
924 3094 1055 3172 praedixit
1087 3092 1223 3171 Moyses,
1248 3103 1277 3149 ut

77 3188 192 3245 cuilibet
207 3208 287 3245 sacro
302 3192 367 3255 vati,
384 3192 437 3247 Dei
453 3193 568 3257 nomine
589 3193 728 3263 loquenti,
745 3193 832 3250 fidem
853 3193 1025 3256 conciliaret,
1041 3197 1069 3246 et
1090 3189 1191 3264 populi
1208 3190 1271 3247 obe·

77 3282 222 3339 dientiam.
265 3284 310 3339 De
325 3285 461 3358 singulari
476 3287 571 3357 aliquo
583 3288 699 3344 homine
715 3308 772 3346 non
788 3302 831 3346 est
846 3290 967 3347 locutus.

116 3381 166 3434 23·
190 3376 278 3455 Hesp.
303 3388 393 3482 &m
411 3380 555 3456 propheta
569 3383 669 3440 nullibi
684 3403 735 3459 pro
749 3395 824 3441 coetu
844 3383 1047 3460 prophetarum
1062 3390 1217 3457 usurpatus
1238 3397 1277 3436 re·

77 3494 194 3570 peritur.
241 3494 356 3574 Strffisa
370 3499 454 3556 etiam
470 3499 607 3576 singulari
622 3520 739 3558 numero
750 3509 911 3558 constanter
924 3509 1055 3576 usurpata
1069 3508 1166 3554 vatem
1180 3515 1277 3570 quem·

76 3587 153 3664 dam,
167 3609 224 3649 non
241 3592 355 3660 multos,
371 3594 505 3663 indicant,
522 3606 731 3652 consueverunt
745 3596 821 3652 enirn
838 3593 955 3651 Hebraei
969 3613 1003 3651 ea
1018 3603 1140 3670 utroque
1156 3609 1275 3649 numero

76 3685 203 3743 vicissim
226 3686 368 3756 adhibere,
384 3689 498 3760 quando
519 3689 554 3746 de
575 3691 691 3746 nomine
714 3689 903 3746 multitudinis
927 3689 1028 3764 agitur.
1071 3685 1215 3761 Specialis
1231 3685 1275 3743 vis

76 3778 226 3836 manifesto
242 3782 315 3837 inest
329 3783 446 3840 vocibus
461 3784 564 3855 quibus
580 3784 695 3859 Moysis
710 3785 798 3840 instar
812 3783 921 3840 tuturus
936 3781 1054 3839 dicitur:
1071 3777 1161 3881 tjm
1176 3780 1278 3881 qm

76 3891 122 3950 De
138 3894 308 3961 Mediatore‚
324 3914 376 3970 per
397 3911 488 3969 quem·
505 3897 585 3954 Deus
606 3898 714 3974 populo
734 3897 908 3970 loqueretur,
930 3895 1139 3972 specialissima
1153 3896 1278 3968 quadam

75 3987 187 4046 ratione
203 3988 351 4047 manifesto
367 3992 482 4064 agitur.⁶
