2744 5024
435 106 492 172 nu
513 106 680 171 rusum
701 90 960 197 sennensis.
1232 108 1288 175 sar

88 272 148 341 get,
157 261 236 337 quod
250 263 350 344 stipsi
363 274 536 325 monuemut
548 265 658 325 Patres.
695 265 771 336 ,Nou
781 273 876 325 autem
887 258 1071 341 philosophia
1081 261 1117 321 dc
1127 258 1302 339 ΨΜ·

87 358 192 427 docuit,
214 358 254 441 ad
269 360 426 436 potentiam
441 359 566 419 divinam
587 359 785 427 indicandam
806 357 860 417 sed
872 357 944 416 fides
959 356 1066 425 divina.
1088 375 1151 431 quar
1165 354 1287 423 loannis

88 452 279 530 Evangelistae
290 447 455 512 tes'timoriio
467 457 545 523 nixa,
555 456 651 513 omnin
661 456 818 531 peripsum
830 453 902 511 lacta
914 453 1094 529 agnoscebat.
1110 452 1155 510 De
1169 445 1288 515 OErristo

88 549 151 609 Deo
165 549 238 608 adeo
252 551 358 611 diserte
370 553 429 628 egit
442 553 460 611 J
463 554 584 621 ustinus,
596 564 627 610 ut
639 553 674 610 ad
685 570 792 611 meram
806 541 923 623 sirgysaw
937 550 1022 608 verba
1032 551 1286 626 ejuenoquaquam

88 646 198 722 possint
210 647 319 705 referri.
366 649 471 706 “Ante
491 647 630 707 mundum
644 647 791 707 conditum
805 647 885 705 Deus
907 645 1005 705 eratr”
1027 661 1203 716 πςοποιησεως
1211 661 1286 711 sorno
1307 701 1312 706 .

86 747 146 797 dara
155 746 233 800 esav.¹
274 744 351 802 'Pota
364 763 430 803 cum
445 745 606 822 Tryphone
618 745 789 802 concertatio
805 743 897 802 inanis
912 751 980 813 erat,
994 741 1021 801 si
1034 740 1071 803 de
1085 739 1147 801 sola
1160 738 1217 797 Dei
1232 737 1285 799 vir·

89 838 264 911 tumulique,
281 858 339 898 non
353 839 421 898 verri
436 840 471 912 de
485 841 562 899 Filio
576 842 748 899 subsistente
763 849 902 917 ageretur.

130 935 194 991 199.
220 933 289 1013 obj.
305 940 334 993 3.
357 936 428 1003 Quae
443 936 525 995 Plato
540 937 575 995 de
589 935 738 1014 demiurgo
752 935 834 1002 dixit,
846 934 864 992 J
867 933 977 993 ustinus
992 931 1028 990 ad
1041 933 1195 992 christiana
1207 946 1285 1007 mys·

90 1027 155 1091 teria
168 1029 301 1089 traduxit.

128 1127 195 1183 200.
216 1124 306 1204 Resp.
328 1127 430 1204 hunge
444 1127 556 1187 diversa
576 1138 643 1186 suut
657 1148 720 1202 quae
742 1128 824 1215 Platp
845 1126 879 1185 de
902 1125 1049 1203 demiurgo
1070 1123 1149 1192 dicit,
1168 1140 1286 1195 quemn

92 1234 199 1281 summo
214 1221 278 1281 Deo
293 1234 419 1281 creatum
432 1225 499 1282 alias
512 1243 557 1283 res
571 1243 672 1281 omnes
686 1243 798 1283 creasse
813 1222 921 1282 tradit.⁹
960 1223 1102 1282 ioannem
1116 1219 1284 1298 Evangelis·

93 1314 286 1375 taurJustinue
300 1328 416 1377 secutus
431 1331 484 1387 est,
497 1331 525 1376 et
539 1319 694 1378 doctrinam
709 1338 795 1392 quam
808 1321 839 1378 in
852 1320 986 1399 universa
998 1317 1120 1377 ecclesia
1133 1315 1286 1377 christiane

47 1480 49 1491 Ι
96 1410 242 1486 rigentem.
254 1413 363 1482 didicit,
389 1418 589 1493 propugnavit.
631 1418 780 1475 Platonem
802 1417 920 1490 quidem
941 1414 1092 1489 aliquando
1116 1412 1284 1480 nominavit,

47 1540 49 1563 ἱ
98 1523 149 1565 non
161 1509 248 1567 veluti
268 1512 437 1588 magistrum
452 1531 538 1585 quern
554 1515 733 1587 sequebatur,
752 1513 804 1570 sed
818 1514 912 1589 potius
927 1531 1013 1587 quem
1029 1513 1142 1588 putabat
1155 1510 1284 1571 hausisse

99 1602 211 1676 utiquam
233 1606 290 1664 Dei
304 1610 433 1667 notitiam
448 1629 485 1667 ex
498 1611 516 1668 J
519 1610 664 1669 udaeorum
679 1612 758 1669 libris
770 1611 816 1668 vel
829 1629 976 1683 sermone,
986 1619 1065 1669 erant
1078 1610 1155 1669 enirn
1169 1608 1286 1684 plurimi

98 1701 265 1768 slnandria
279 1724 337 1778 quo
352 1718 481 1783 tempore
495 1728 557 1766 caru
574 1711 674 1767 urbem
688 1710 795 1767 invisit.
839 1709 965 1777 “,Verbo
980 1709 1064 1785 igitur
1078 1707 1144 1774 Dei,
1165 1724 1201 1763 ex
1220 1704 1287 1761 suh·

100 1795 167 1869 jectis
180 1810 239 1857 eta
259 1801 347 1858 Mose
361 1802 515 1879 designatis
533 1806 629 1873 rebus,
650 1804 789 1862 mundum
810 1804 975 1861 universum
996 1820 1060 1860 esse
1080 1800 1238 1867 conditum,
1257 1807 1287 1865 et

104 1889 177 1961 Plato,
189 1904 220 1951 et
233 1897 284 1969 qui
298 1897 400 1955 cadem
414 1919 447 1957 ac
458 1899 506 1957 ille
520 1899 627 1967 dicunt,
643 1912 672 1957 et
685 1919 737 1959 nos
752 1901 808 1976 ipsi
822 1900 955 1967 dicimus,
976 1899 1115 1973 vobisque
1128 1897 1195 1954 licet
1208 1895 1286 1959 idem

104 1989 258 2064 perspicere.
279 1993 320 2051 Et
333 1995 410 2066 quod
422 1993 498 2070 apud
513 1995 673 2063 Platonem,
688 1997 717 2054 in
737 1995 861 2060 limoso,
878 1996 1009 2078 physicis
1021 1995 1176 2053 rationibus
1188 1992 1222 2051 de
1237 1993 1284 2064 Fi·

105 2079 195 2143 lioDci
214 2085 410 2175 investigatur,
435 2108 500 2147 cum
520 2090 573 2147 ait:
596 2088 641 2148 Et
654 2090 822 2150 denarravit
842 2108 910 2150 eum
928 2090 962 2149 in
976 2089 1126 2159 universo,
1150 2090 1285 2166 paritura

107 2175 171 2238 llose
184 2193 327 2253 mutuatus
340 2184 457 2243 dixit.’'⁸
498 2187 583 2245 Hanc
603 2190 771 2246 sententiam
793 2208 830 2247 ex
844 2191 936 2247 crucis
957 2189 1089 2266 mysterii
1107 2188 1283 2266 ignoratione
1353 2174 1358 2180 ’

106 2278 231 2346 provenire
242 2281 504 2350 censuitJustiuus‚
517 2283 638 2355 ideoque
650 2302 712 2343 eam
724 2285 865 2359 emendat,
876 2287 951 2344 sicut
961 2295 991 2343 et
1005 2304 1068 2359 quas
1081 2282 1116 2341 de
1129 2285 1209 2343 tertia
1221 2302 1284 2363 per·

108 2371 274 2448 tundiriun,
288 2376 399 2437 scilicet
413 2376 520 2454 Spiritu
537 2379 653 2447 Sancto,
668 2379 743 2438 dicta
757 2380 846 2439 videri
861 2391 988 2457 possent.
1030 2379 1164 2458 Appellat
1175 2380 1284 2456 simpli·

107 2465 166 2541 oium
178 2469 272 2540 fidem,
287 2491 373 2545 quam
388 2475 520 2534 sufficere
535 2464 655 2535 affirmat
669 2479 797 2536 Platonis
809 2487 1032 2550 caeterorumque
1046 2477 1284 2553 philosophorum

107 2564 268 2627 mandandis
281 2566 413 2628 decretis.
456 2581 476 2608 ‘⁴
488 2572 558 2629 Non
573 2573 674 2649 ergo,''
690 2574 790 2644 inquit,
807 2581 826 2608 “
835 2571 933 2630 eadem
946 2590 999 2630 uos
1011 2590 1044 2628 ao
1056 2571 1103 2628 alii
1115 2571 1280 2646 opinamur;

106 2657 143 2714 sed
154 2672 242 2721 nostra
255 2683 357 2722 omnes
371 2667 472 2725 inritati
484 2667 653 2726 edisserunt.
697 2669 770 2725 Haeo
784 2686 852 2725 sane
867 2665 942 2744 apud
952 2685 1005 2725 nos
1020 2664 1116 2723 audire
1131 2675 1160 2722 et
1172 2663 1283 2725 discere

106 2769 135 2811 ex
144 2757 183 2826 iis,
196 2761 245 2833 qui
260 2781 295 2820 ne
310 2763 416 2840 figuras
430 2764 544 2836 quidem
559 2766 716 2824 litterarum
730 2773 844 2833 norunt,
857 2762 997 2839 imperitis
1008 2760 1173 2819 homiuibus
1188 2770 1216 2817 at
1229 2760 1283 2821 lin-

105 2866 147 2924 gua
157 2854 289 2925 barbaris,
303 2857 354 2917 sed
370 2873 464 2917 mente
476 2860 652 2936 sapientibus
667 2875 695 2918 et
709 2859 850 2927 fidelibus,
863 2877 984 2933 quorum
996 2856 1081 2915 etiam
1093 2854 1224 2913 nonnulli
1237 2854 1284 2914 de·

47 3004 51 3025 .-
104 2943 158 3007 biles
170 2962 198 3009 et
209 2953 300 3010 oculis
314 2955 407 3031 capti3
432 2969 463 3014 ut
476 2957 559 3032 facile
573 2967 667 3032 pateat
688 2976 745 3021 non
760 2957 884 3014 humana
900 2952 1041 3031 sapientia
1055 2951 1117 3011 haec
1137 2952 1210 3019 fieri,
1232 2952 1283 3012 sed

100 3037 143 3101 Ilei
156 3046 253 3107 virtute
267 3047 373 3107 diciss’*
392 3069 451 3104 sec
465 3049 529 3105 s'svra
538 3053 563 3104 is
574 3051 643 3122 ἢμεις
654 3066 734 3115 mance
745 3051 884 3122 δοξοζομεν.
906 3048 1052 3124 Quidquid
1076 3057 1169 3106 autem
1192 3048 1283 3107 aPla·

100 3149 161 3210 tone,
175 3143 266 3203 aliove
279 3145 454 3223 philosopho
465 3149 537 3209 bene
552 3147 658 3206 dictum
671 3160 724 3217 est,
737 3168 774 3207 ex
787 3149 884 3209 divino
899 3148 1055 3206 derivatum
1068 3146 1156 3214 fonte,
1172 3146 1285 3209 scilicet

97 3253 126 3303 er
137 3238 269 3300 hbromm
283 3243 469 3309 Judaicorum
483 3245 616 3311 lectione,
631 3244 753 3318 ideoque
768 3258 896 3305 nostrum
910 3264 975 3303 asse
989 3243 1154 3303 contendit:
1180 3250 1225 3306 sca
1241 3254 1282 3305 oss

93 3354 150 3410 wgo
158 3355 219 3395 uuus
229 3353 309 3400 καλως
318 3344 420 3410 iugurrus,
431 3341 497 3409 ἡμων
508 3355 556 3392 των
567 3357 694 3410 yginum
706 3342 750 3405 ἑςι.

124 3429 191 3483 2⁰1.
211 3427 319 3502 Aperte
344 3425 492 3500 profitetur
514 3425 646 3484 Justinus
667 3444 729 3485 sea
750 3441 819 3481 eene
840 3420 964 3494 quodam
985 3420 1139 3477 christiano
1161 3421 1283 3494 primam

88 3520 149 3580 fidei
163 3523 293 3580 notitiam
306 3522 448 3588 hausisse,
471 3540 558 3594 quum
575 3522 675 3580 frustra
696 3519 864 3596 sapientiam
880 3534 975 3573 veram
993 3513 1067 3591 apud
1089 3512 1281 3589 philosophos

85 3621 252 3693 quaesiissst.
294 3618 342 3677 Eo
355 3620 484 3676 hortante
504 3619 656 3695 prophetas
677 3618 730 3674 sibi
747 3616 832 3692 elegit
845 3615 1006 3690 magistros,
1022 3611 1082 3684 qui,
1106 3608 1225 3678 scilicet,
1251 3611 1282 3667 iu

84 3719 169 3776 sacris
195 3718 286 3783 libris,
310 3727 495 3774 “creatorem
515 3718 713 3774 universorum
734 3715 830 3772 Deum
852 3721 880 3769 et
901 3711 1014 3768 Patrem
1036 3709 1232 3774 celebrabant;
1254 3719 1284 3766 et

82 3815 207 3872 missurn·
218 3815 253 3872 ab
268 3832 303 3870 eo
322 3812 482 3880 Christum,
498 3814 547 3886 qui
561 3813 652 3871 Fihus
668 3813 729 3889 ejus
744 3819 797 3878 est,
810 3806 974 3880 hominibus
985 3801 1196 3862 nuntiabant.”⁵

112 3972 157 4037 (l)
177 3970 230 4020 Sub
241 3970 320 4019 finem
330 3974 450 4021 sermonis
457 3972 605 4036 puraenmics'
617 3967 651 4022 ad
665 3969 769 4020 Graecos.

114 4057 158 4122 (2)
179 4055 302 4117 Petosiris,
315 4056 330 4104 l.
341 4055 357 4105 'a
368 4055 398 4104 dc
417 4055 546 4114 Trinitata,
557 4070 578 4104 c.
589 4055 606 4104 i.
623 4054 687 4104 Vide
704 4061 728 4104 ct
746 4049 912 4104 Dictionnaire
924 4048 954 4099 ds
965 4044 1108 4112 Theologic,
1127 4045 1156 4096 de
1177 4044 1282 4106 Bergicr;

77 4152 123 4193 art.
135 4141 225 4192 Verba.
343 4182 350 4193 .

47 4285 59 4307 ο
114 4228 159 4293 (a)
180 4227 252 4290 spor.
264 4225 281 4275 i.
292 4241 318 4276 n.
330 4228 371 4275 co.

110 4315 150 4374 (4)
171 4311 272 4363 lhidcm.

112 4401 154 4463 (ὁ)
174 4396 239 4448 Diui.
250 4413 310 4450 oum
320 4396 463 4464 Tryphone,
474 4414 500 4448 n.
512 4402 535 4447 7.
635 4467 689 4525 12*
