2730 5018
440 212 683 285 nn'rusnur
704 216 960 291 sennensis.
1042 314 1045 319 ¹
1239 228 1295 289 rso

80 382 86 387 '
132 372 211 434 206.
235 374 303 457 Odj.
319 380 347 434 b.
368 377 501 449 Justinus
515 380 654 440 bonorum
669 380 833 458 angelorum
848 382 1003 441 exercitum
1017 399 1072 441 una
1085 400 1149 441 cunr
1165 383 1240 442 Filio
1249 401 1296 443 co·

76 460 217 530 lendum
231 471 326 542 dicit,²
337 491 516 548 nequaquam
531 487 606 535 certe
620 496 734 535 sumrno
755 477 903 550 obsequio.

130 569 208 625 206.
229 567 319 646 Resp.
336 569 470 628 Ethnicis
484 581 515 628 ut
529 571 711 647 persuaderet
721 572 890 631 christianos
900 590 1013 632 summa
1023 573 1126 650 injuria
1136 574 1235 632 atheos
1247 592 1296 634 uo·

80 661 162 728 cari,
179 662 261 721 Patri
271 674 299 722 et
309 664 396 734 Filio,
411 677 439 724 et
449 668 590 725 bonorum
602 667 766 744 angelorum
778 670 957 741 sequentium
968 688 1045 738 eum,
1060 670 1144 742 eique
1156 669 1296 729 adsimila·

82 762 204 826 torum,
218 760 366 829 exercitui,
381 772 409 819 et
422 762 535 838 spiritui
549 763 716 839 prophetico
738 804 746 821 .
763 805 771 821 .
788 804 795 820 .
818 765 1029 853 venerationem
1042 776 1072 822 et
1091 765 1198 824 cultum
1212 764 1297 824 tribui

86 848 181 910 docet
202 854 354 913 Justinus:
380 876 434 915 nec
454 858 603 935 distinguit
623 870 751 918 accurate
771 860 840 933 qnid
861 862 1012 921 interesset
1031 861 1203 920 discriminis
1224 863 1297 921 inter

95 947 210 1007 cultum
226 952 335 1026 angelis
350 953 495 1022 tributum,
510 966 539 1013 et
553 973 618 1013 eum
635 974 692 1028 quo
706 956 801 1024 Pater,
816 957 918 1026 Filius,
933 968 962 1015 et
976 958 1099 1034 Spiritus
1114 959 1235 1017 Sanctus
1248 960 1298 1018 ho-

95 1044 291 1112 notabanturr
313 1065 370 1104 non
385 1049 462 1106 enim
476 1049 504 1106 id
526 1050 687 1125 postulabat
706 1061 914 1127 argumentum.
957 1051 1098 1110 Caeterum
1120 1053 1212 1110 innuit
1232 1052 1299 1112 Filii

97 1156 156 1215 proe
171 1139 282 1216 angelis
306 1142 456 1213 honorem,
474 1146 530 1221 ipsi
544 1146 621 1203 enim
636 1147 718 1219 sequi
731 1164 797 1204 eurn
821 1147 962 1216 dicuntur,
977 1149 1060 1221 cique
1083 1149 1144 1206 fieri
1168 1149 1296 1207 similes:

98 1255 187 1288 mm
197 1252 226 1289 ss
244 1257 288 1291 m
299 1254 342 1291 ccv
353 1236 473 1307 nop’s’soss
489 1244 540 1294 brou
559 1245 662 1303 ἰὶὸοντα
672 1248 715 1296 auis
726 1242 857 1303 διδαξαυτα
867 1244 928 1313 ἡμας
939 1260 1027 1302 ταυτα.
1037 1265 1082 1297 και
1098 1260 1141 1297 τον
1158 1260 1206 1297 των
1223 1244 1299 1298 ἅλων

100 1327 217 1390 inuitem
228 1345 271 1378 etot
287 1323 454 1394 ἓξομοωμενων
465 1327 560 1399 ignauo
572 1329 678 1400 ἀγγεκων
696 1347 807 1400 ατρακτον,
818 1347 938 1400 πνευμσκτε
958 1348 989 1386 το
1004 1345 1154 1400 προφητικον
1171 1337 1300 1401 σεβομεὲο,

102 1428 142 1463 ια
153 1425 326 1477 sperassem.
361 1412 484 1469 Aliunde
499 1426 576 1489 patet
589 1415 663 1472 Filio
675 1434 820 1474 summum
835 1417 961 1492 praestari
972 1416 1089 1474 cultum.

139 1508 209 1563 207.
230 1504 299 1584 obj.
315 1511 342 1565 6.
361 1507 502 1575 lustinus,
519 1496 655 1567 rationem
669 1510 788 1569 reddens
799 1531 849 1569 cur
863 1512 948 1570 Pater
961 1511 1127 1590 patriarchis
1142 1529 1200 1568 non
1214 1529 1298 1587 appa-

102 1603 194 1668 merit,
207 1600 354 1662 dicit‘eum
369 1604 435 1663 loco
449 1624 506 1662 non
521 1607 647 1664 moveri:
671 1616 795 1680 “neque
810 1610 885 1667 enim
900 1609 948 1667 ille
964 1627 1021 1666 non
1037 1609 1199 1666 enarrabilis
1215 1608 1299 1667 Pater

102 1696 287 1757 etDominus
301 1701 499 1759 universorum
522 1704 551 1760 in
570 1703 693 1776 aliquem
716 1704 811 1762 locum
827 1707 913 1774 venit,
934 1706 1028 1779 ireque
1049 1705 1183 1773 ambulat,
1206 1724 1298 1781 neque

100 1792 251 1853 dormit.”¹

136 1895 207 1952 208.
230 1892 321 1971 Resp.
342 1893 458 1953 Justino
474 1896 567 1955 visum
583 1908 628 1955 est
640 1895 745 1955 Filiurn
761 1894 927 1973 patriarchis
949 1898 1124 1974 apparuisse,
1147 1897 1299 1956 humanam

55 1982 59 1991 ¹
94 1991 332 2066 praeseferentem
363 1994 509 2069 speciem:
541 1995 613 2053 “Ac
642 1994 790 2059 Christum
820 1993 936 2067 quidem
964 1994 1121 2052 Dominum
1148 2005 1177 2052 et
1204 1995 1299 2054 Deum

95 2085 152 2146 Dei
175 2087 286 2145 Filium
309 2105 384 2154 essa
407 2098 435 2145 et
460 2089 562 2147 virtute
584 2091 662 2166 prius
684 2089 849 2165 apparuisse
876 2091 1029 2156 otricum,
1054 2100 1083 2146 et
1102 2089 1245 2166 angelum,
1272 2089 1301 2148 et

88 2183 122 2240 in
139 2183 232 2260 gloria
246 2167 333 2260 ignis:
347 2184 425 2241 velut
444 2184 474 2241 in
488 2186 558 2242 rubo
573 2197 602 2242 et
622 2185 650 2243 in
661 2183 772 2261 judicio
786 2183 822 2241 de
837 2184 971 2242 Sodomis
993 2185 1077 2252 sacto,
1095 2184 1156 2260 jarn
1172 2185 1298 2260 pluribus

89 2278 325 2340 demonstratum
340 2280 429 2338 eol-”³
469 2304 549 2352 xupso5
562 2290 594 2336 du
605 2285 618 2336 ὃ
629 2282 733 2351 Χριστος
750 2304 793 2335 xus
804 2289 856 2342 θεος
872 2289 926 2335 θεον
937 2283 987 2343 tro,
1003 2299 1123 2349 υπαρχων,
1142 2303 1185 2334 xor
1204 2283 1300 2349 deruptas

87 2388 239 2445 summus
249 2392 365 2450 προτερον
376 2380 483 2447 &swap-
523 2377 592 2435 ldeo
607 2377 718 2434 censuit
731 2375 759 2432 id
775 2375 850 2433 Filio
864 2394 921 2451 pne
941 2376 1025 2433 Patre
1039 2375 1201 2442 convenire,
1224 2374 1302 2447 quod

88 2472 139 2529 vir
153 2472 309 2546 aliquando
322 2468 433 2531 iuturus
448 2484 533 2531 esset.
576 2473 719 2531 (laterum
735 2490 793 2530 non
808 2473 982 2531 existimavit
992 2472 1118 2530 Verbum
1134 2471 1228 2548 ipsum
1244 2490 1301 2530 am·

91 2567 211 2637 bulare,
225 2580 275 2627 aut
287 2568 421 2636 dormire,
443 2582 490 2628 aut
501 2571 565 2628 loco
581 2571 688 2627 moveri
703 2570 732 2627 in
747 2569 792 2626 sui
807 2580 915 2634 natura,
935 2588 1001 2628 nam
1015 2587 1081 2626 eum
1100 2569 1216 2646 agnovit
1228 2570 1302 2627 inse·

92 2665 254 2739 parabilem
270 2685 286 2722 a
301 2665 384 2723 Patre
397 2664 515 2736 ἀχωριςος
525 2670 640 2735 bocum
658 2677 828 2742 quapropter
840 2666 1030 2741 apparitiones
1042 2665 1104 2740 ejus
1116 2665 1242 2731 exhibet,
1256 2683 1302 2722 ve·

92 2762 148 2818 luti
159 2760 237 2820 lucis
251 2764 433 2830 emissiones,
445 2763 612 2836 radiumque
626 2762 776 2833 iterumad
790 2763 862 2820 lucis
874 2763 981 2820 sontem
997 2760 1098 2818 redire.
1129 2761 1208 2818 Dicit
1219 2760 1302 2818 idcir·

94 2876 150 2914 co:
176 2868 197 2894 ‘⁴
209 2858 283 2917 hanc
294 2870 388 2916 autern
406 2859 548 2917 Virtutem
562 2869 667 2928 Δυναμιν
679 2879 695 2916 a
707 2860 790 2917 Patre
803 2859 931 2916 abscindi
942 2868 990 2915 aut
999 2859 1123 2934 separari
1136 2875 1190 2914 non
1204 2875 1300 2933 posse,

96 2940 342 3025 quemadmodum
357 2954 406 3012 lux
429 2954 499 3012 solis
513 2955 543 3012 in
558 2968 631 3011 terra
645 2953 774 3012 abscindi
787 2965 816 3010 et
829 2953 953 3030 separari
967 2952 1066 3024 nequit
1086 2949 1177 3008 asole
1193 2951 1242 3023 qui
1258 2964 1302 3010 est

98 3051 128 3108 in
143 3049 229 3118 caelo,
243 3061 349 3109 etcum
361 3051 405 3109 sol
419 3051 564 3119 occiderit,
579 3051 629 3109 lux
646 3051 732 3109 simul
747 3050 869 3108 occidit:
892 3051 935 3108 sie
948 3069 1013 3108 cum
1029 3049 1088 3106 vult
1103 3049 1196 3114 Pater,
1211 3048 1303 3121 inqui·

99 3156 162 3213 unt,
177 3147 244 3204 facit
257 3157 289 3204 ut
303 3147 401 3205 Virtus
416 3147 478 3223 ejus
504 3147 650 3224 prosiliat3
671 3166 769 3204 rursus
784 3166 848 3204 curn
863 3147 932 3214 vult,
959 3146 1035 3203 illam
1052 3144 1087 3203 ad
1112 3146 1240 3219 seipsum
1261 3162 1303 3201 re·

100 3242 222 3301 fleclll.”
260 3247 408 3314 oaepnrouds
421 3258 647 3312 καιαχωριςοντου
663 3259 754 3312 πατρος
769 3263 862 3311 ταυτην
879 3261 925 3312 την
941 3246 1039 3310 δυναμιν
1056 3245 1180 3311 bnupxstu·
1215 3239 1304 3307 Quid·

101 3339 169 3411 quid
190 3340 229 3398 sit
242 3340 278 3398 de
293 3339 479 3398 similitudine
493 3339 557 3407 hac,
579 3340 624 3396 vel
639 3339 674 3396 de
689 3340 853 3414 opinatione
868 3339 985 3406 Justini,
1001 3339 1106 3396 Filium
1131 3337 1302 3396 Patriaruhis

101 3452 165 3491 esse
179 3435 286 3503 visum,
300 3435 392 3508 liquet
405 3435 435 3492 in
445 3435 508 3512 ejus
521 3437 663 3492 sententia
676 3435 781 3493 Filium
794 3454 810 3491 a
821 3435 905 3493 Patre
920 3435 1065 3511 distingui,
1077 3444 1211 3491 ettamen
1226 3432 1301 3492 haud

102 3533 238 3606 separari,
254 3549 378 3605 eumque
393 3530 449 3589 dici
470 3542 499 3588 et
513 3549 577 3589 esse
592 3530 698 3599 Deum,
714 3531 775 3607 ipse
791 3532 898 3608 quippe
912 3539 970 3588 erat
985 3531 1034 3603 qui
1047 3529 1137 3586 dixit:
1160 3529 1227 3586 Eoo
1245 3546 1303 3588 suu

104 3644 152 3691 Qvi
173 3647 244 3686 wll.

140 3726 212 3782 ²09.
236 3721 310 3779 Haec
335 3721 419 3797 plane
433 3721 586 3778 ostendunt
601 3721 746 3780 lustinum
769 3721 843 3779 idem
859 3720 893 3779 de
916 3720 991 3778 Filio
1004 3718 1061 3777 Dei
1085 3717 1210 3775 sensisse
1225 3716 1303 3790 quod

104 3830 196 3896 patres
212 3818 337 3882 Nicaeui,
359 3835 482 3889 eumque
497 3821 526 3874 in
541 3817 662 3875 ecclesia
676 3817 819 3885 didicisse,
837 3816 912 3889 quod
927 3816 997 3874 fides
1012 3826 1145 3873 constans
1161 3816 1302 3891 majorum

104 3914 264 3974 tradiderat.
294 3912 378 3980 Quod
394 3912 427 3970 ad
443 3912 559 3971 modum
573 3932 655 3971 suam
670 3912 832 3990 explicandi
847 3912 1026 3978 sententiam,
1042 3920 1070 3967 et
1084 3909 1119 3966 ad
1137 3920 1303 3984 argumenta

102 4013 207 4087 quibus
222 4030 285 4070 eam
301 4012 423 4078 roborat,
439 4011 548 4078 attinet,
562 4010 682 4068 liberum
697 4021 740 4068 est
755 4010 822 4067 alias
839 4009 954 4075 sentire,
967 4009 996 4066 in
1011 4009 1141 4083 dogmate
1156 4005 1220 4080 ipso
1235 4022 1302 4062 con·

504 4246 546 4310 (l)
566 4245 640 4308 Apol.
651 4245 700 4294 i.n.
713 4246 736 4302 6,
749 4259 770 4308 p.
783 4245 838 4291 126.

503 4334 539 4390 (2)
560 4330 623 4379 Diui.
634 4345 659 4379 n.
675 4333 729 4389 127,
740 4345 764 4393 p.
776 4330 834 4379 329.

508 4417 545 4476 (³)
563 4414 598 4465 N.
612 4418 667 4475 128,
678 4430 702 4480 p·
714 4418 770 4465 ³32.
