2744 5024
77 309 113 364 rs
365 301 422 362 DE
443 302 699 365 araeleonis
721 302 972 368 Menecratis,
1270 293 1287 327 *

77 461 227 520 videretur.
269 461 318 520 Ex
342 480 437 522 rernm
458 463 617 529 eventibus,
640 461 691 534 qui
710 461 877 539 pierumque
898 461 977 519 nulio
998 461 1109 517 serrato
1126 457 1286 536 justorum.

77 556 267 632 impiorumve
288 557 453 617 discrimine
475 560 654 634 contingunt,
675 556 812 616 discimus
834 557 908 614 itanc
931 557 996 614 ritae
1021 554 1216 613 conditionem
1236 551 1270 609 ad

7 638 16 649 ’
76 652 203 710 altiorem
218 653 358 729 pertinere
374 654 573 720 oeconomiam,
588 663 616 711 et
630 663 774 726 tamquam
789 662 898 728 partem
914 651 949 710 ad
964 660 1054 708 totum
1069 649 1187 718 refersit
1203 647 1271 706 adeo

77 757 109 808 ut
123 749 317 826 expectandus
331 751 369 808 sit
388 750 460 808 alius
474 768 568 808 rerum
583 749 663 818 ordo,
680 733 708 807 in
724 767 782 823 quo
794 749 949 821 unicuique
965 747 1041 821 quod
1062 764 1147 804 sunm
1168 756 1215 803 est
1226 745 1271 802 tri·

75 845 186 913 buatur,
202 864 259 903 non
284 845 442 904 secundnm
464 856 610 904 externam
632 846 770 922 speciem,
786 844 837 902 sed
858 843 951 902 cordis
971 843 1043 920 ipsis
1064 841 1175 900 areanis
1193 841 1271 917 justo

72 938 184 1017 judicio
197 941 349 1017 subjectis:
374 951 393 978 ‘⁴
404 941 462 1007 Qui
476 941 621 1017 inspector
635 949 679 998 est
693 939 798 1008 cordis,
814 940 877 1016 ipse
892 929 1033 1015 intelligit,
1048 939 1065 974 ¹¹
1085 940 1102 973 ¹*
1118 934 1271 1007 reddetque

77 1035 189 1094 bomini
213 1037 295 1114 juxta
320 1055 408 1113 opera
434 1036 533 1094 sua.’'²
573 1036 619 1093 De
642 1036 717 1094 Fiiio
739 1035 773 1094 ad
797 1035 986 1112 judicandum
1006 1041 1127 1090 venturo
1151 1030 1270 1088 dicitur:

77 1140 97 1167 “
110 1131 193 1188 Tunc
214 1130 312 1190 reddet
332 1132 487 1204 unicuique
507 1130 665 1189 secundum
689 1149 778 1207 opera
797 1129 908 1207 ejtts.'’¹
946 1129 1072 1194 Patrem,
1090 1127 1175 1202 juxta
1195 1124 1273 1182 Petri

79 1226 198 1294 dictum,
213 1227 379 1284 invocamus
396 1236 415 1262 ‘⁴
426 1245 503 1293 eum,
518 1227 568 1299 qui
582 1227 645 1283 sine
659 1227 824 1302 acceptione
845 1241 1031 1301 personarum
1047 1220 1159 1299 judicat
1173 1236 1273 1276 secun·

78 1321 147 1379 dum
160 1321 385 1397 uniuscujusque
396 1320 518 1397 opus.’'⁸
564 1319 752 1379 {indicativo
758 1321 869 1397 justitia
879 1338 941 1393 qnae
953 1317 1035 1395 punit
1045 1315 1162 1382 scelera,
1176 1324 1205 1372 et
1215 1312 1272 1371 dis·

80 1416 236 1484 tributino,
249 1435 312 1489 quta
327 1418 448 1492 proemia
461 1430 635 1489 muneraque
649 1435 702 1492 pro
716 1417 817 1473 merito
831 1415 949 1481 confert,
965 1413 1029 1470 Deo
1045 1421 1119 1468 recte
1134 1409 1272 1480 tribuitur,

79 1532 132 1590 pro
145 1533 259 1572 summa
272 1532 389 1572 snorum
404 1513 752 1584 consiliorum'eequitate:
768 1521 900 1569 caeterurn
914 1509 1070 1568 cavendum
1086 1525 1122 1565 ne
1134 1505 1204 1578 quid
1218 1505 1275 1563 cui·

79 1630 203 1684 eumque
225 1612 259 1668 ab
283 1611 348 1686 ipso
369 1610 475 1677 deberi,
497 1612 596 1667 stricto
617 1610 703 1667 veluti
727 1610 802 1686 jure,
825 1607 973 1674 credatur3
1002 1624 1092 1678 quum
1112 1605 1190 1660 enirn
1213 1603 1274 1678 ipse

80 1710 228 1783 omniaex
249 1726 362 1766 summa
384 1708 579 1765 munificentia
593 1707 709 1783 largitus
724 1698 770 1782 sit,
787 1707 826 1764 nil
847 1707 970 1778 quisque
991 1704 1076 1761 habet
1092 1699 1168 1774 quod
1191 1717 1274 1757 suurn

81 1817 134 1876 est,
150 1807 248 1879 nilque
268 1805 413 1882 postulare
430 1806 495 1882 jure
516 1815 611 1882 potest
627 1806 664 1862 ob
679 1804 805 1861 officinm
828 1804 1012 1880 persolutum.
1055 1782 1089 1856 in
1110 1797 1194 1855 donis
1214 1796 1274 1853 suis

81 1900 284 1960 distribuendis
299 1919 413 1958 summo
424 1900 541 1958 arbitrio
553 1883 611 1975 agit
625 1898 715 1965 Dens,
728 1918 781 1956 nee
795 1887 875 1972 queri
891 1898 957 1954 licet
971 1893 1047 1969 quod
1062 1894 1109 1950 alii
1124 1893 1215 1967 plura,
1228 1891 1274 1948 aiii

80 1998 192 2056 minora
206 1995 363 2070 accipiant3
379 2012 431 2051 nec
446 1996 522 2050 enim
539 1993 643 2050 invidia
656 1994 699 2050 uri
715 1995 778 2066 quis
793 1993 877 2051 debet
891 1991 968 2065 qnod
983 1991 1063 2047 Deus
1079 1991 1170 2045 bonus
1186 1987 1233 2053 sit,
1249 1995 1276 2042 et

82 2109 200 2150 munera
215 2089 290 2146 varie
312 2106 364 2163 pro
385 2088 474 2145 lubito
495 2088 637 2163 largiatur.
679 2088 796 2154 Quae‘in
811 2089 944 2145 virtutum
966 2085 1119 2163 proemium
1133 2081 1190 2149 dat,
1207 2100 1275 2158 prae·

82 2187 180 2244 sertim
195 2185 315 2242 caeiestis
331 2185 395 2240 vitae
409 2183 521 2260 gaudia,
537 2185 677 2243 mercedis
692 2185 799 2243 habent
817 2187 965 2251 rationem,
981 2184 1018 2241 ob
1040 2181 1214 2258 promissum
1235 2177 1276 2235 di-

82 2284 190 2348 vinum,
206 2289 234 2337 et
248 2279 419 2337 conditionis
434 2280 677 2356 adimpletionem.
711 2291 729 2318 “
742 2266 880 2357 Reposita
891 2280 1015 2338 estmihi
1029 2296 1134 2336 corona
1144 2275 1274 2353 justitias,

82 2397 167 2452 quam
177 2376 379 2435 reddetmihi.
397 2418 404 2432 .
423 2418 430 2433 .
447 2417 454 2434 .
466 2377 562 2452 justus
570 2376 709 2453 judaiam
736 2378 815 2435 Alias
826 2377 896 2435 nihii
905 2377 1038 2448 cuiquam
1048 2374 1175 2439 debetur,
1187 2389 1276 2444 quum

82 2476 162 2534 Deus
186 2483 387 2547 creantratum
398 2475 568 2552 obsequium
593 2494 707 2532 summo
727 2476 793 2552 jure
819 2475 933 2551 exigere
955 2473 1055 2539 valeat,
1077 2472 1113 2528 ob
1135 2469 1275 2526 infinitam

82 2589 162 2643 suam
189 2569 403 2647 perfectionem,
426 2579 455 2626 et
475 2571 550 2626 vires
571 2589 733 2628 concessas.
777 2570 965 2627 Peccantibus
989 2567 1150 2645 justissime
1172 2565 1277 2640 irrogat

86 2687 184 2746 poenas
199 2687 206 2735 3
222 2658 322 2724 eed'ab
336 2668 414 2724 ornni
432 2668 551 2744 justitiae
572 2669 688 2726 notione
704 2667 843 2734 abhorret,
858 2677 891 2723 nt
904 2677 1051 2724 censeatur
1066 2665 1111 2721 vei
1125 2681 1226 2740 pmnas
1243 2662 1277 2718 ir·

71 2782 185 2842 ‘rogare
210 2764 255 2820 vel
266 2762 433 2839 irrogandas
458 2763 621 2831 decernere,
637 2765 713 2822 nulia
728 2774 909 2840 peccatorum
932 2761 1158 2819 habitatatione.
1205 2757 1276 2815 Haec

83 2862 185 2930 fusius,
202 2881 289 2935 quum
305 2861 340 2917 de
355 2874 458 2918 aeterna
473 2863 530 2918 vita
545 2861 686 2936 agendum
699 2861 791 2927 sue-rit,
809 2870 974 2935 pertractare
990 2859 1017 2937 in
1031 2859 1127 2917 animo
1141 2865 1195 2913 est.

121 2964 170 3015 45.
195 2958 343 3032 Sapientia
356 2959 383 3012 in
399 2975 434 3012 eo
449 2957 551 3022 elucet,
568 2957 643 3027 qnod
663 2957 753 3013 electo
768 2957 824 3012 fine
840 2957 914 3014 bono
930 2955 1023 3012 media
1038 2954 1139 3012 idonea
1153 2952 1187 3009 ad
1210 2970 1276 3008 eum

83 3052 294 3123 assequendum
319 3051 514 3107 adhibeantur.
556 3051 587 3108 ln
604 3069 697 3108 rernm
712 3052 894 3108 universitate
910 3050 1005 3108 divina
1019 3051 1143 3106 maxime
1158 3047 1277 3124 effulget

82 3147 235 3224 sapientia:
262 3155 281 3181 ‘⁸
292 3147 384 3212 Quam
402 3146 578 3220 magnificata
592 3159 658 3204 sunt
672 3165 759 3222 opera
773 3157 829 3215 tna,
841 3148 983 3204 Domine!
1007 3145 1111 3202 Omnia
1123 3145 1153 3201 in
1165 3147 1277 3220 snpien-

82 3247 120 3302 tia
141 3241 279 3300 secisti.''⁵
321 3242 463 3299 Caeterum
479 3244 609 3314 quamvis
624 3244 717 3300 mirus
726 3245 764 3300 sit
778 3263 870 3301 rerum
885 3243 964 3308 ordo,
981 3253 1009 3300 et
1030 3242 1137 3317 optime
1159 3260 1278 3318 respon·

81 3339 166 3396 deant
180 3337 278 3394 omnia
292 3337 341 3394 fini
357 3357 442 3408 quern
458 3338 538 3395 Deus
553 3339 606 3395 sibi
620 3340 777 3414 praestituit,
794 3339 894 3396 seseliit
913 3337 1121 3396 Leibnitzium
1135 3339 1277 3395 sententia

82 3436 117 3493 de
132 3433 259 3492 absoluta
281 3432 378 3490 mundi
402 3434 592 3509 perfectione3
615 3435 687 3492 nihii
710 3436 786 3492 enim
808 3445 851 3492 est
872 3433 951 3506 quod
969 3433 1086 3490 suadeat
1108 3432 1206 3490 Deum
1219 3452 1279 3505 non

8 3536 28 3579 ⁹.-
81 3530 210 3607 potuisse
226 3529 400 3586 alia-ratione
416 3549 460 3586 res
475 3529 638 3605 disponere,
651 3550 706 3603 qua
720 3532 804 3588 etiam
818 3530 1017 3604 suasapientia
1028 3530 1119 3605 magis
1131 3528 1275 3587 eluceret:

82 3643 165 3690 tantae
181 3642 247 3688 sunt
261 3630 365 3686 divitiae
381 3631 442 3705 ejus
459 3640 487 3686 et
500 3648 614 3686 summa
626 3630 750 3687 libertas.

122 3732 171 3784 46.
187 3727 327 3783 Sanctitas
343 3726 440 3782 divina
459 3744 535 3800 saepe
551 3725 763 3802 praedicaturis
786 3726 956 3801 Scripturis:
974 3734 993 3760 ‘⁴
1004 3725 1072 3780 Non
1087 3732 1131 3781 est
1150 3710 1275 3790 sancius,

81 3835 113 3882 ut
121 3833 165 3880 est
174 3821 536 3898 Dontnasss’asaaphim
544 3823 666 3880 clamant
677 3843 687 3879 ε-
701 3832 722 3859 “
733 3821 865 3889 Sanctus,
874 3832 997 3887 sanctus,
1008 3827 1122 3875 sanctus
1132 3817 1276 3876 Dominus

10 3988 13 3993 ,
82 3919 163 3978 Deus
178 3917 401 3976 exercitnunt.'’⁷
443 3919 584 3976 Sanctitas
599 3918 660 3975 haee
673 3927 718 3974 est
731 3936 843 3975 summa
858 3916 1006 3992 perfectio,
1022 3914 1103 3990 cujus
1119 3932 1220 3972 norma
1233 3923 1276 3971 est

83 4017 147 4092 ipsa
161 4014 257 4071 divina
271 4013 405 4070 essentia.

121 4113 170 4168 47.
193 4109 333 4165 Veracem
344 4126 407 4165 esse
423 4107 518 4165 Deum
532 4108 603 4166 ratio
617 4108 680 4184 ipsa
694 4107 802 4176 suadet,
816 4107 893 4179 quod
904 4117 933 4165 et
945 4105 1100 4182 praedicant
1110 4105 1274 4183 Scriptura,

768 4305 805 4362 (ὅ)
823 4301 886 4350 Psal.
898 4300 945 4349 ciii.
964 4301 1004 4346 et.
1079 4357 1085 4364 ι

768 4388 804 4446 (b)
822 4387 842 4434 Ι.
860 4385 920 4446 Reg.
931 4385 963 4435 11.
975 4389 998 4432 2.

766 4475 802 4532 (7)
822 4470 880 4520 isai.
892 4469 924 4519 vi.
936 4473 959 4518 3.
