2730 5018
111 252 173 314 aru
340 254 397 317 nn
419 222 723 316 annumerans
743 248 1098 316 expeculatores.
1181 264 1187 273 ·

111 411 248 485 quitatem
262 410 390 470 omnium
405 422 534 470 nostrum
557 453 565 468 .
588 452 596 469 .
619 453 627 469 .
650 421 766 489 propter
778 389 884 470 seetm'
893 407 994 488 popm
1014 413 1074 471 mei
1091 404 1224 489 percussi
1244 420 1343 467 em-

114 549 122 564 .
144 549 152 565 .
176 549 184 565 .
207 548 215 564 .
237 507 266 566 in
280 508 400 566 scientia
414 526 466 565 sua
474 508 643 583 justificabit
656 509 720 584 ipae
736 509 832 584 justus
847 526 947 566 servus
967 527 1049 567 meus
1070 509 1189 574 multoe,
1210 515 1240 562 et
1259 504 1333 562 ini-

113 605 233 678 quitatet
248 624 347 664 eorum
361 607 423 682 ipse
438 606 560 682 portabit
582 646 589 661 .
613 647 620 662 .
644 647 653 662 .
675 646 683 662 .
705 606 768 682 ipse
783 615 930 682 peecatum
946 607 1099 664 multorum
1113 605 1190 671 tulit,
1210 613 1241 660 et
1260 619 1315 677 pro

111 702 368 778 transgressoribus
381 699 536 777 rogavit.”1
576 701 649 758 Haec
663 702 729 768 vati,
745 701 789 758 vel
803 702 1038 774 altericuiquam‚
1052 686 1111 759 uon
1126 700 1311 768 conveniunt,

111 798 314 873 preteritum
336 799 371 855 ab
384 799 518 856 omnibus
534 798 643 858 vatibus
665 798 848 867 celebratum,
869 800 919 872 qui
940 800 1071 859 omnium
1095 797 1251 856 hominum
1270 805 1306 852 est

112 890 301 970 Redemptor.

155 991 204 1045 14.
225 988 341 1046 Danieli
354 988 439 1046 etiam
466 987 599 1066 praedixit
612 989 740 1065 Angelus
761 991 870 1067 peccati
884 988 1056 1048 deletionem
1071 998 1100 1046 et
1115 987 1238 1064 justitie
1252 996 1307 1063 r'eg·

112 1102 194 1151 num,
210 1083 378 1142 adveniente
392 1085 508 1145 Christo
522 1086 609 1143 duee:
626 1095 646 1122 ‘⁶
659 1086 844 1162 Septuaginta
854 1084 1047 1144 hebdomades
1062 1084 1233 1142 abbreviatae
1247 1092 1309 1139 aunt

113 1196 201 1256 super
222 1180 359 1257 populum
385 1190 475 1249 tuum,
501 1191 530 1238 et
552 1200 638 1256 super
659 1183 757 1239 urbem
778 1193 904 1239 sanctam
926 1191 1013 1246 tuam,
1037 1191 1070 1238 ut
1096 1188 1312 1237 consummetur

112 1276 318 1363 prevaricatio,
330 1288 358 1333 et
371 1277 458 1334 finem
473 1278 593 1354 accipiat
607 1288 765 1354 peccatum,
777 1287 806 1335 et
819 1277 944 1335 deleatur
957 1277 1104 1350 iniquitas,
1116 1286 1145 1332 et
1158 1273 1315 1332 adducatur

109 1342 220 1448 joatha
244 1373 428 1449 sempitema‚
454 1382 483 1430 et
505 1373 660 1448 impleatur
680 1373 755 1430 visio
776 1382 805 1430 et
826 1373 985 1449 prophetia,
1007 1383 1035 1430 et
1054 1383 1178 1448 ungatur
1197 1377 1314 1444 sanetus

113 1476 286 1525 sanctorum.
329 1467 411 1524 Scito
424 1486 503 1544 ergo,
517 1477 546 1525 et
558 1468 769 1526 animadverte:
791 1469 825 1526 ab
840 1470 919 1525 exitu
928 1468 1070 1526 sermonis
1084 1476 1115 1524 ut
1129 1468 1234 1523 iterum
1247 1463 1317 1521 edi-

113 1560 214 1619 ficetur
226 1561 386 1645 Jerusalem
402 1582 497 1635 usque
511 1562 545 1620 ad
560 1563 711 1621 Christum
724 1564 837 1631 ducem,
860 1563 1053 1622 hebdomades
1067 1573 1179 1639 septem
1193 1573 1224 1619 'et
1245 1561 1328 1618 heb-¹

113 1655 250 1715 demades
265 1660 420 1735 sexaginte
440 1658 608 1726 durescunt,
624 1669 652 1716 et
676 1678 786 1718 rursum
802 1659 987 1717 edificabitur
1011 1660 1115 1734 platea,
1136 1667 1165 1715 et
1188 1657 1263 1714 muri
1285 1655 1319 1711 in

114 1754 243 1828 angustia
257 1762 428 1830 temporum.
469 1754 509 1812 Et
523 1763 589 1830 post
602 1755 795 1813 hebdomades
809 1755 958 1831 sexaginta
971 1753 1042 1810 duas
1053 1753 1196 1810 occidetur
1213 1751 1317 1807 Chris·

114 1849 208 1907 tue.”⁸
247 1851 352 1923 Liquet
366 1851 517 1908 adventurn
533 1848 685 1927 singularis
707 1852 783 1908 illius
805 1851 886 1908 ducis
900 1850 1053 1926 designari,
1079 1860 1108 1906 et
1129 1858 1320 1924 peccatorum

114 1946 315 2023 remissionem
329 1948 457 2022 pluribus
472 1946 606 2004 declarari
617 1947 781 2004 rationibus.
804 1947 1016 2022 Expectabatur
1025 1945 1112 2020 igitur
1124 1941 1319 2016 Redemptor,

115 2053 232 2118 peccata
246 2044 389 2103 deleturus
403 2052 431 2100 et
445 2054 560 2120 pactum
574 2062 639 2100 cum
654 2043 751 2113 multis
765 2042 902 2109 facturus,
912 2060 962 2099 eos
974 2041 1030 2098 sibi
1040 2036 1190 2098 beneficiis
1205 2051 1233 2095 et
1247 2036 1318 2112 legi·

116 2136 169 2194 bus
184 2137 382 2195 devinciendo.
1157 2186 1160 2191 .

159 2237 204 2290 15.
227 2234 291 2290 Alia
303 2233 470 2299 omittimus,
482 2251 570 2305 quum
582 2251 619 2290 ex
628 2232 798 2295 testimoniis
809 2232 898 2290 allatis
911 2231 1090 2290 manifestum
1099 2222 1212 2289 sh'eam
1225 2226 1320 2284 luisse

112 2327 254 2403 justorum
270 2328 323 2383 sub
338 2327 436 2385 Veteri
451 2327 638 2385 'l'estamento
652 2327 738 2384 fidem
753 2346 894 2402 spemque
906 2340 1021 2394 certam,
1035 2328 1183 2383 venturum
1200 2321 1317 2380 tandein

117 2421 269 2493 aliquando
283 2421 437 2494 quemdam
449 2422 585 2479 divinitus
607 2424 792 2498 promissum,
808 2424 857 2494 qui
873 2423 996 2497 peccatis
1009 2420 1169 2479 remedium
1192 2419 1319 2485 afferret,

115 2527 146 2576 et
158 2518 402 2577 benedictionibus
417 2520 556 2595 populum
565 2519 765 2586 lsraeliticum,
777 2519 835 2576 imo
850 2530 949 2594 gentes
963 2536 1075 2584 omnes,
1090 2517 1221 2592 repleret.
1245 2515 1320 2573 l’os·

118 2616 234 2673 teriores
249 2617 266 2673 J
269 2615 344 2673 udrei
358 2612 522 2692 temporalis
537 2616 678 2673 felicitatis
693 2634 775 2690 spem
790 2634 846 2672 una
859 2633 924 2672 curn
937 2615 1129 2689 spiritualibus
1149 2613 1235 2670 bonis
1250 2629 1319 2668 con·

115 2711 283 2789 jungebant;
298 2730 351 2770 nec
365 2721 458 2770 tamen
473 2712 632 2789 prophelae,
648 2712 783 2778 doctoris,
794 2721 823 2768 et
835 2711 988 2768 salvatoris
1000 2710 1080 2767 dotes
1095 2709 1213 2767 Messiae
1230 2726 1318 2780 quern

117 2810 305 2885 expectabant
314 2810 433 2865 tribuere
446 2808 622 2874 desinebant,
635 2807 736 2874 donec,
752 2825 803 2882 spe
815 2807 862 2863 diu
872 2807 1004 2873 frustrati,
1017 2806 1159 2871 nonnulli,
1168 2805 1202 2860 ad
1215 2803 1321 2860 Chris-

118 2906 202 2963 tianis
218 2907 376 2964 molestiam
392 2905 553 2972 creandam,
568 2923 685 2962 omnem
699 2922 815 2980 prorsus
830 2904 976 2961 notionem
986 2903 1188 2978 Redemptoris
1206 2902 1322 2976 abjece-

117 3002 197 3058 ῐίιιῑ.8

162 3099 209 3152 16.
232 3093 354 3153 Accedit
369 3095 486 3151 aliarum
507 3095 665 3170 gentiume
687 3095 823 3170 primaeva
847 3094 1018 3152 revelatione
1039 3094 1163 3152 derivata
1183 3092 1321 3150 traditio:

120 3210 176 3265 qua
201 3191 236 3247 de
260 3209 345 3247 causa
368 3190 542 3248 desideratus
561 3193 671 3248 cunctis
695 3191 794 3249 merito
820 3192 1012 3267 praedicatur,⁴
1035 3193 1168 3265 quamvis
1188 3193 1322 3268 plerique

120 3287 235 3345 nonnisi
257 3286 430 3342 subobscure
452 3304 518 3342 eum
540 3286 589 3358 qui
614 3304 711 3343 earum
733 3287 892 3345 mederetur
913 3289 994 3346 malis
1015 3287 1141 3346 divinare
1164 3288 1320 3363 potuerint.

120 3381 176 3439 Job
192 3383 264 3438 inter
278 3380 422 3439 Idumaeos
438 3392 466 3438 et
479 3382 587 3438 Arabes
610 3401 691 3457 spem
707 3401 791 3454 quam
813 3384 927 3441 fovebat
947 3383 1148 3460 Redemptoris
1170 3383 1321 3458 prodidit:

123 3487 142 3514 “
153 3478 221 3534 Scio
236 3477 311 3548 quod
327 3477 502 3553 Redemptor
513 3496 593 3534 meus
609 3478 686 3543 vivit,
700 3487 729 3534 et
743 3479 771 3536 in
783 3480 940 3537 novissimo
952 3479 997 3536 die
1009 3478 1044 3536 de
1057 3488 1129 3536 terra
1141 3489 1323 3537 surrecturus

122 3593 205 3631 eum:
228 3586 256 3631 et
279 3592 392 3631 rursum
414 3572 610 3630 circumdabor
633 3575 706 3649 pelle
728 3593 802 3641 mea,
816 3584 845 3631 et
865 3575 894 3632 in
915 3593 998 3632 carue
1021 3593 1084 3632 mea
1099 3575 1200 3632 videbo
1221 3574 1322 3634 Deum

122 3690 230 3729 meum.
255 3712 262 3725 .
286 3711 294 3725 .
317 3711 325 3726 .
348 3667 486 3745 Reposito
500 3677 544 3725 est
556 3669 618 3725 haec
632 3687 699 3745 spes
715 3688 778 3727 mea
792 3671 822 3727 in
836 3669 900 3726 sinu
916 3669 1030 3727 meo.’'⁵

158 3827 201 3891 (l)
220 3825 290 3874 lenire
302 3825 345 3874 liii.
377 3823 441 3873 Vide
453 3824 649 3886 Hengstcnberg,
662 3824 827 3890 christology,
839 3827 887 3876 vol.
897 3827 913 3877 i.
923 3843 947 3891 p.
959 3830 1017 3875 507.

158 3911 200 3977 (2)
220 3911 285 3959 Dan.
296 3909 330 3958 ix.
342 3911 382 3958 24.
399 3909 463 3959 Vide
474 3909 580 3960 eruditas
587 3911 783 3972 Hengstenborgi
794 3911 1023 3971 animadversiones,
1031 3909 1194 3974 christology‚
1202 3910 1249 3958 vol
1261 3908 1289 3958 it.
1298 3925 1327 3974 p.

125 4000 183 4047 292.

160 4083 202 4146 (3)
223 4078 409 4138 Schoettgenius
421 4078 581 4140 antiquiorem
593 4058 752 4127 Hebraeorum
764 4078 843 4127 ideam
855 4079 885 4128 de
897 4080 989 4130 Messio
1005 4081 1133 4130 illustrarit
1144 4080 1170 4129 in
1188 4080 1265 4129 Horis
1281 4079 1327 4128 he·

124 4166 211 4216 breicis
223 4172 247 4212 et
263 4162 400 4212 talmudiois
411 4169 462 4212 tom
470 4163 496 4213 ii.
507 4164 524 4212 l.
535 4163 551 4214 i.
563 4180 584 4214 c.
595 4163 612 4212 i.
623 4171 648 4212 et
663 4162 698 4222 ii„
709 4171 734 4212 et
750 4171 801 4213 toto
813 4164 872 4215 libro
888 4165 924 4215 iii.
940 4167 974 4217 cit
990 4184 1005 4217 e
1021 4167 1134 4218 Perrone.
1167 4166 1232 4216 Vide
1249 4166 1328 4218 etiem

126 4250 315 4311 Bengstenberg
325 4246 425 4310 passim.

162 4337 200 4395 (4)
220 4332 306 4394 Aggol
317 4332 341 4381 ii.
354 4335 378 4380 8.

164 4419 206 4482 (b)
225 4417 277 4465 Jeb.
289 4416 340 4465 xix.
351 4417 392 4464 25.
