2730 5018
102 234 168 323 'ua
378 260 436 325 aa
457 256 751 324 aaucuroauu
771 254 1045 323 axrnuoua

108 438 177 481 sum
195 380 261 479 esde
280 419 383 478 Jesum
407 414 518 496 pmb'ct,
544 415 818 488 animadvertitquaa
844 394 999 475 ‘lituratum
1023 423 1119 473 sutem
1141 413 1271 492 signium

111 516 260 576 Christum
281 534 411 594 passum,
425 526 455 574 et
478 516 572 592 ipsum
588 531 654 573 esse
676 512 782 571 Filium
804 511 872 578 Dei,
886 512 937 585 qui
957 530 1011 588 pro
1031 510 1115 571 uobis
1128 525 1274 588 murnum

110 615 248 691 sauguine
262 632 315 672 suo
329 613 451 671 redemit
464 630 528 679 nos,
543 612 573 669 in
588 610 728 688 praefinito
743 606 938 685 ιιιιιροιιᾶι
959 609 1023 667 ·Ι]ι
1034 607 1105 682 qaid
1118 608 1191 675 enim
1202 611 1273 677 clf..
1340 610 1363 662 lt

109 719 165 778 tus,
176 728 243 768 cum
254 709 347 771 adhuc
356 727 488 768 asemas
500 706 605 766 infirmi
620 704 778 764 secundum
790 714 913 781 tempus
929 723 982 781 pro
993 703 1092 780 impiis
1103 714 1222 763 mortuus
1231 715 1273 772 ant

111 805 307 867 Commendat
320 816 416 864 autem
430 823 512 863 suam
527 803 709 862 dilectionem
731 802 833 859 Deus
825 820 856 859 m
875 802 970 875 nobis,
983 792 1121 875 quoniam
1134 820 1196 860 οιιιιι
1212 805 1277 870 edlu
1350 864 1358 873 ,

103 916 241 959 'emmas
254 911 429 978 peccatores.
444 918 496 977 pru
511 899 594 957 nobis
608 898 744 957 chusan
758 906 887 957 manuus
902 905 962 955 ast:
987 896 1080 957 multo
1097 897 1188 973 nqis
1202 898 1277 975 justit

111 996 166 1053 cati
180 1014 257 1055 nunc
271 997 301 1055 in
314 996 454 1073 sanguine
467 995 531 1071 ejus
545 993 617 1053 salvi
630 993 738 1052 ennius
751 1010 810 1069 ,per
823 993 920 1069 ipsum
934 992 969 1051 ab
982 990 1076 1051 isa.”²

507 1146 706 1246 educatum
730 1200 916 1245 niumm

153 1340 222 1403 137.
247 1341 313 1423 Obj.
329 1342 357 1402 l.
380 1342 534 1402 Matthaeus
548 1341 631 1400 lsaiae
647 1343 731 1401 verba
744 1341 779 1399 de
802 1341 965 1400 morborum
980 1341 1128 1399 curatione
1147 1339 1282 1418 interpreti·
1354 1384 1363 1418 z,

108 1446 167 1508 tur,
183 1447 334 1516 postquam
348 1440 425 1498 enim
448 1438 579 1497 retulerat
593 1436 741 1496 Christum
757 1447 878 1515 egrotos
899 1455 1026 1504 sanasse,
1047 1436 1193 1513 subjungit
1205 1436 1230 1495 id
1243 1440 1284 1500 lu·
1355 1418 1361 1433 ⁴

113 1544 185 1601 tum,
201 1543 221 1571 ‘⁶
234 1545 265 1593 ut
277 1533 478 1611 adimpleretur
492 1533 570 1607 quod
583 1534 691 1593 dietum
705 1543 750 1591 est
770 1551 821 1611 per
841 1532 945 1591 Isaiam
967 1533 1136 1609 prophetam
1150 1531 1286 1599 dicentem:

115 1631 179 1708 ipse
194 1630 371 1689 infirmitates
386 1640 498 1689 nostras
513 1630 631 1706 accepit,
647 1640 675 1688 et
689 1630 886 1706 egrotationes
901 1639 1011 1687 nostras
1031 1625 1196 1705 portavit.”¹

157 1730 224 1785 138.
246 1725 335 1804 Rctp.
358 1726 412 1784 Vis
426 1726 511 1785 obvia
524 1726 672 1784 verborum
688 1725 770 1783 lsaiae
786 1724 977 1784 infirmitatem
992 1734 1021 1782 et
1034 1723 1160 1784 dolorem
1176 1712 1289 1800 quonia

115 1842 146 1882 se
161 1823 298 1900 suscepit,
312 1823 402 1882 nostri
417 1841 512 1890 causa,
528 1822 672 1891 Christus,
685 1821 800 1880 indicat.
843 1819 987 1879 Oaetemm
1002 1821 1090 1879 utitur
1103 1821 1139 1879 iis
1159 1821 1291 1884 Mattheus
1361 1838 1363 1843 ’

114 1916 150 1977 de
164 1919 328 1979 morborum
341 1917 496 1985 curatione,
510 1918 577 1990 quia
590 1927 619 1974 et
632 1935 698 1975 eum
712 1917 889 1994 patiebantur
901 1934 1030 1985 sensum,
1045 1926 1074 1973 et
1088 1916 1196 1994 Spiritu
1207 1900 1299 1977 sancto
1353 1935 1363 1980 1

115 2013 229 2074 afflante
244 2028 325 2075 norat
337 2034 404 2074 eum
418 2016 502 2074 etiam
517 2015 570 2071 sub
586 2013 642 2071 illis
655 2014 760 2072 latere:
783 2027 837 2072 nec
853 2015 930 2075 enitn
951 2015 1096 2073 insuetum
1110 2023 1155 2071 est
1174 2013 1240 2072 duas
1252 2016 1302 2095 sig-

115 2111 292 2171 nificationes
317 2111 425 2169 eisdem
447 2111 566 2169 vocibus
592 2109 715 2168 adnecti.
757 2110 847 2188 Igitur
860 2121 889 2168 et
908 2111 1023 2169 abstulit
1043 2111 1169 2177 morbos,
1184 2118 1213 2168 et
1231 2109 1260 2169 in
1275 2126 1316 2169 se

116 2208 239 2285 experiri
253 2207 394 2266 cruciatus
409 2207 508 2275 voluit,
524 2214 555 2264 ut
575 2207 738 2265 morborum
759 2207 908 2265 ¹curatione
929 2208 1085 2267 insinuaret
1103 2225 1135 2264 se
1158 2204 1318 2289 remedium

115 2304 204 2362 animi
219 2305 295 2361 vitiis
307 2322 417 2379 parare,
433 2322 590 2380 poenasque
604 2304 710 2362 idcirco
723 2303 754 2362 in
768 2323 800 2362 se
812 2305 969 2381 suscipere.
998 2305 1097 2363 Refert
1110 2303 1226 2377 quidem
1240 2303 1351 2367 Matae

116 2399 288 2458 theanum
303 2398 412 2457 dixisse
427 2398 462 2456 de
476 2400 593 2476 seipso:
617 2409 636 2436 ‘⁴
647 2399 739 2457 Filius
760 2400 887 2458 hominis
908 2412 968 2459 non
988 2401 1066 2458 veuit
1085 2391 1250 2469 ministrari,¹
1263 2391 1363 2459 sal

115 2492 286 2560 ministrare,
301 2502 331 2551 et
343 2491 409 2552 dare
422 2495 546 2551 animam
557 2512 637 2551 suam
650 2492 874 2571 redemptionem
891 2514 942 2572 pro
957 2495 1077 2554 multis.⁸
1088 2496 1170 2550 num
1180 2495 1227 2566 τὴν
1237 2496 1363 2565 tanin*

115 2590 192 2643 αὑτοῦ
203 2588 288 2656 adeps
302 2587 357 2643 nat
369 2593 472 2644 ιιοιιῶν.
512 2589 654 2647 Praeterea
666 2588 749 2647 lsaiae
761 2590 843 2666 plura
856 2602 922 2648 strat
938 2593 1100 2651 testimonia
1114 2582 1243 2653 maxime
1256 2612 1363 2671 per*

117 2685 227 2762 spicue,
242 2703 305 2758 que
320 2683 468 2742 Christum
484 2695 599 2760 propter
613 2684 777 2756 iniquitates
793 2684 942 2744 hominum
959 2705 1125 2763 percussum
1141 2697 1293 2747 testantur.

161 2785 228 2840 139.
255 2780 322 2859 obj.
344 2785 374 2838 2.
396 2789 416 2816 ‘⁸
430 2779 511 2838 Deus
534 2791 593 2837 erat
617 2781 646 2838 in
668 2779 786 2838 Christo
806 2781 944 2840 mundum
965 2783 1152 2841 reconcilians
1175 2784 1242 2853 sibi,
1263 2799 1363 2844 nor]

116 2877 324 2955 reputausillis
339 2877 441 2935 delicta
455 2875 600 2934 eorum.''⁴
640 2874 719 2953 Ergo
733 2878 864 2935 remissio
878 2888 1059 2954 peccatorum
1076 2898 1113 2938 ex
1126 2882 1251 2958 gratuita
1264 2879 1353 2941 lte-i

117 2973 313 3031 misericordia
326 2972 467 3048 provenit,
482 2973 531 3044 qui
547 2971 656 3029 Christi
671 2990 740 3029 usus
752 2982 796 3031 est
810 2991 898 3050 opera
913 2973 948 3030 ad
963 2990 1026 3033 earn
1044 2974 1282 3036 annuntiandam.

161 3073 227 3126 lttr.
249 3068 338 3144 Resp.
361 3068 547 3144 Apostolus
541 3087 603 3145 ipse
618 3068 743 3144 explicat
762 3069 906 3142 quomodo
927 3072 1152 3131 reconciliaverit
1166 3075 1224 3133 sibi
1239 3093 1329 3135 mun·

118 3161 187 3220 dum
202 3161 333 3219 Daust‘
337 3162 435 3219 ‘Eum
451 3164 499 3234 qui
513 3181 572 3219 non
586 3171 703 3219 noverat
723 3174 882 3238 peccatum,
898 3167 1047 3242 pronubis
1068 3177 1218 3243 peccatum
1244 3169 1324 3240 fecit,

118 3257 410 3317 utnoseffieeremur
425 3258 538 3332 justitia
553 3256 630 3314 Dei'
623 3277 651 3315 ιιι
667 3258 742 3333 ipso.
745 3258 780 3293 ”⁶
815 3258 936 3318 Constat
949 3273 1098 3337 peccatum
1112 3263 1242 3324 seeundo
1257 3250 1320 3326 loco

119 3353 268 3430 designare
291 3351 413 3409 hostiam
437 3370 488 3428 pro
514 3363 642 3428 peceato,
666 3372 751 3426 quam
776 3354 892 3414 Hebraei
913 3359 951 3414 ita
971 3357 1218 3436 designabant‘
1221 3360 1317 3423 ‘Cum

119 3449 228 3506 inimici
242 3465 383 3515 essemus,
397 3448 573 3505 reconciliati
587 3467 688 3506 sumus
703 3448 768 3507 Deo
783 3469 833 3526 per
847 3462 968 3510 mortem
983 3453 1035 3511 filii
1049 3453 1133 3530 ejus!
1137 3455 1159 3492 '⁰

161 3549 227 3603 141.
254 3543 320 3624 obj.
336 3547 365 3602 3.
389 3542 553 3602 “Christus
575 3564 678 3621 passus
692 3555 736 3603 est
751 3566 801 3622 pro
822 3549 915 3616 nobis,
932 3551 1013 3606 vobis
1035 3534 1201 3624 relinquens
1223 3570 1318 3612 exem·

120 3645 211 3721 plum,
226 3654 257 3702 ut
280 3643 440 3717 sequamini
456 3643 577 3718 vestigia
593 3643 717 3719 ejusl’t
743 3644 860 3704 Scilicet
883 3665 973 3719 quum
994 3650 1135 3726 patienter
1155 3650 1321 3710 sustinuerit

455 3917 492 3975 (l)
510 3910 541 3965 L.
552 3912 587 3965 iil
604 3917 659 3966 adv.
676 3917 732 3968 har.
749 3934 771 3969 c.
788 3919 856 3970 xviii.

456 4002 497 4065 (2)
518 4001 588 4050 Matt.
599 4003 649 4052 viii.
664 4006 702 4052 16.
714 4008 752 4052 17.

456 4085 498 4148 (a)
519 4084 590 4133 Mau
599 4089 693 4134 nea.

456 4166 498 4228 (4)
517 4166 550 4215 11.
562 4165 620 4217 Gor.
631 4184 655 4217 v.
669 4170 707 4216 19.

462 4250 499 4307 (5)
517 4264 542 4297 v.
553 4252 593 4295 ιι.

454 4335 491 4392 (6)
508 4332 582 4383 Rom.
594 4349 616 4382 ι.
631 4336 669 4383 10.

458 4419 495 4477 (7)
513 4417 533 4465 l.
546 4417 599 4467 Pet.
610 4419 636 4470 ii.
645 4423 686 4470 21.
