2744 5024
415 604 800 725 resonares
828 605 961 684 v111.

10 934 18 1109 5
164 932 297 1051 un
357 935 720 1058 uniri-A
773 932 1203 1058 oflumrr.

478 1372 896 1433 PRAENOTANDA.

111 1551 145 1606 1.
170 1545 380 1624 Redemptoris
393 1547 510 1625 sanguis
525 1546 606 1605 lusus
620 1556 665 1606 est
678 1555 709 1604 ut
721 1557 837 1623 peeoma
850 1546 1021 1616 delerentur,
1032 1559 1062 1608 et
1071 1550 1199 1610 subsidia
1211 1553 1286 1612 salu·

53 1643 104 1700 fis
121 1652 370 1718 compararentur
382 1641 559 1701 horninibus.
600 1642 670 1700 Ideo
684 1641 873 1718 Evangelista
885 1641 1024 1711 Joauues,
1032 1662 1120 1716 quum
1135 1646 1285 1705 Christum

53 1737 206 1815 plenum
218 1737 315 1813 gratie
328 1747 357 1796 et
371 1737 497 1795 veritatis
511 1736 706 1813 predicasset,
719 1737 857 1795 adventus
879 1737 941 1812 ejus
965 1738 1105 1795 beneficia
1118 1757 1185 1797 eum
1211 1739 1284 1814 legis

56 1833 227 1891 Mosaioae
243 1833 375 1891 oneribus
396 1834 557 1902 conferens,
575 1834 665 1891 dixit:
688 1832 758 1891 “Et
779 1831 815 1890 de
836 1831 1012 1908 plenitudiue
1026 1833 1089 1909 ejus
1111 1851 1164 1890 nos
1184 1851 1285 1892 ornnes

23 1954 26 1959 ·
53 1928 263 2005 accepimus,
274 1937 303 1986 et
315 1930 431 2007 gratiam
447 1948 499 2006 pro
513 1931 610 2007 gratia.
653 1929 728 1995 Quia
740 1929 789 1987 lex
803 1947 855 2004 per
869 1926 997 2003 Moysen
1011 1928 1075 1985 data
1089 1938 1142 2001 est,
1155 1931 1243 2006 gratia
1256 1943 1285 1988 et

53 2025 187 2082 veritas
206 2022 369 2098 pertesum
384 2023 533 2083 Christum
545 2025 617 2083 saeta
629 2022 719 2081 est.''1
753 2022 798 2080 De
809 2023 898 2099 gratia
911 2023 1007 2100 igitur,
1020 2040 1105 2095 quam
1120 2023 1284 2082 hominibus

56 2120 223 2178 Christus
238 2121 384 2179 moriendo
398 2122 564 2197 promeruit,
579 2131 623 2178 est
643 2120 898 2197 impraesentiarum
920 2118 1079 2197 agendum3
1101 2130 1130 2178 et
1143 2121 1284 2197 imprimis
1354 2174 1357 2181 .

10 2290 14 2301 .
17 2213 290 2293 explicandum
311 2225 355 2273 est
367 2235 463 2293 ipsum
476 2217 573 2294 gratiae
588 2216 767 2285 vocabulum,
779 2228 810 2273 ut
824 2215 935 2273 claritas
950 2214 1078 2274 dicendis
1093 2216 1217 2275 accedat.
1332 2192 1363 2211 Η

469 2423 621 2483 VOCUM
642 2423 904 2484 EXPLICATIO.

97 2566 145 2639 ᾖ.
177 2576 291 2638 Gratia
302 2604 374 2654 χαρις
383 2577 477 2660 fauor
486 2579 651 2657 intelligitur
664 2579 739 2656 apud
751 2579 919 2655 Theologoe
931 2578 1039 2637 donum
1053 2577 1108 2636 Dei
1120 2580 1282 2654 gratuitum,

56 2672 157 2751 quod
181 2673 295 2733 scilieet
307 2668 473 2750 nullioperi
487 2674 612 2732 hominis
627 2673 762 2732 debetur:
786 2681 806 2709 “
818 2672 850 2729 si
865 2681 962 2730 autem
976 2673 1074 2749 gratia,
1091 2673 1225 2748 jamnon
1246 2678 1286 2731 ex'

57 2768 389 2849 operibustelioquin
408 2769 497 2846 gatis
513 2770 575 2845 jam
596 2787 655 2826 non
677 2777 721 2825 est
741 2768 872 2844 gratia.’'⁹
911 2767 1036 2834 Creatio,
1052 2767 1239 2834 conservatio,
1254 2777 1283 2824 et

58 2866 181 2926 omnia
194 2856 301 2937 'quibus
315 2864 434 2923 fruimur
446 2865 531 2933 bona,
545 2882 610 2937 quae
625 2862 659 2920 ad
681 2862 808 2921 ordinem
824 2873 929 2921 nature
948 2862 1100 2938 pertinent,
1115 2862 1211 2936 gratiae
1233 2880 1284 2920 no-

10 3006 14 3043 ,
61 2964 173 3031 mine,
189 2960 250 3018 lato
274 2960 397 3035 quodam
413 2978 511 3029 sensu,
526 2959 669 3037 designari
691 2969 822 3037 possunt,
843 2978 901 3034 quo
924 2978 1011 3017 sensu
1032 2979 1048 3017 a
1072 2958 1201 3036 Pelagio,
1216 2968 1245 3017 et
1269 2979 1285 3016 a

10 3052 15 3131 l
59 3056 243 3127 Quesnello
257 3076 314 3115 non
328 3057 419 3115 semel
432 3065 568 3134 usurpata
581 3067 625 3113 est
639 3074 716 3114 vox:
738 3049 790 3114 sed
803 3056 877 3114 solet
890 3056 987 3114 referri
1003 3055 1038 3112 ad
1060 3054 1134 3114 dona
1148 3074 1283 3132 superna·

63 3152 197 3219 toralia,
211 3168 276 3224 que
289 3150 325 3208 ad
338 3151 425 3209 vitam
439 3159 573 3209 eternam
588 3149 820 3223 consequendam
833 3169 888 3209 nos
903 3150 1046 3228 adjuvant.
1089 3149 1213 3208 Homini
1227 3150 1283 3226 pri·

61 3248 172 3308 mitur
189 3244 304 3305 eondito
318 3263 382 3320 que
395 3262 534 3304 eoneessa
546 3255 614 3303 sunt
626 3244 711 3313 dona,
726 3246 799 3304 ultra
812 3243 842 3304 id
863 3245 940 3319 quod
956 3257 1054 3304 natura
1074 3245 1139 3322 ipsa
1159 3245 1284 3305 humana
1350 3292 1365 3329 ,ν

62 3360 114 3402 ex
129 3338 230 3418 ipsius
244 3341 443 3399 constitutione
458 3340 599 3417 exigebat,
614 3359 648 3398 ea
660 3341 770 3399 scilieet
781 3341 884 3413 quibus
896 3341 929 3398 ad
945 3342 1074 3399 ordinem
1086 3320 1283 3416 supematur'al

10 3441 138 3503 lem
152 3445 273 3495 evectus
286 3446 329 3495 est
342 3436 440 3505 homo,
453 3445 485 3494 ut
498 3436 561 3495 Deo
582 3436 701 3496 fruendo
715 3436 797 3495 fieret
815 3435 946 3501 idoneus,
964 3436 1061 3510 gratis,
1076 3435 1154 3492 nullo
1176 3436 1283 3511 praevio

10 3524 12 3561 ³
64 3533 200 3601 merito,
214 3540 245 3589 ut
258 3540 344 3610 patet,
361 3532 466 3590 tributa
478 3541 556 3592 suut.
592 3532 641 3595 Ea
660 3530 766 3590 ideireo
788 3529 897 3607 gratie
917 3537 1125 3606 nuncupantur,
1141 3529 1227 3584 etiam
1239 3528 1284 3593 ¹uls

10 3632 12 3695 j
65 3632 116 3690 iis
142 3626 308 3705 Tlteologls
335 3628 385 3701 qui
412 3646 477 3686 eum
506 3626 814 3704 Augustiuianensibus
841 3634 941 3701 putant
967 3624 1063 3681 Deum
1088 3639 1125 3681 ex
1152 3620 1282 3698 quodam

10 3702 17 3771 l·
66 3720 290 3784 eonomiemt'a
315 3721 351 3780 ad
383 3722 496 3781 beatam
528 3723 668 3781 visionem
700 3722 846 3786 homiuem
874 3719 1042 3785 destinasse,
1071 3736 1124 3775 nee
1155 3718 1283 3793 potuisse

66 3837 160 3886 eum,
177 3817 333 3894 imaginem
346 3836 428 3876 suam
448 3817 596 3884 serentem,
611 3825 641 3874 et
654 3825 759 3874 nature
774 3814 898 3888 quodam
918 3815 1028 3890 impetu
1043 3811 1078 3868 ad
1094 3811 1282 3871 Conditorem

10 3950 17 4015 ιξ
67 3932 168 3975 suum
184 3911 358 3981 tendentem,
372 3911 408 3971 ad
422 3913 508 3971 finem
521 3930 598 3971 mere
611 3913 768 3971 naturalem
782 3910 948 3969 destinare.³
987 3909 1091 3987 Lapsis
1106 3908 1282 3976 hominibus,

68 4022 107 4070 et
121 4027 206 4069 noxa
218 4008 338 4085 orIglnis
351 4008 485 4086 gravatis,
500 4009 602 4067 dantur
615 4008 712 4068 omnia
725 4008 828 4068 intuitu
843 4007 1008 4066 meritorum
1023 4005 1143 4064 Christi.

186 4250 225 4308 (1)
242 4247 316 4297 Joan.
326 4247 342 4297 i.
356 4248 396 4296 ld.

186 4335 226 4393 (s)
242 4331 314 4381 uam
324 4330 359 4380 xi.
370 4333 394 4381 u

184 4415 223 4477 (3)
242 4415 307 4464 Vide
317 4413 385 4465 Berti
395 4413 462 4476 Aug.
472 4414 539 4478 Syst.
549 4414 615 4466 vind.
627 4414 692 4465 Diss.
703 4413 729 4465 ii.
737 4429 758 4464 e.
769 4413 786 4464 i.
796 4429 845 4464 eor.
855 4414 882 4464 ii.
892 4420 918 4464 et
927 4417 951 4474 §-
962 4413 996 4465 in
1003 4428 1030 4464 ιι.
1040 4412 1075 4464 ix.
