2744 5024
591 286 764 414 nauso.
1261 302 1280 383 s'

128 479 177 536 lb.
199 478 355 558 Precipua
367 480 482 539 nomina
493 499 557 553 quae
572 480 637 539 Deo
650 482 680 538 in
692 478 848 556 scripturis
863 479 1030 546 tribuuntur,
1044 489 1111 538 sunt
1123 489 1218 558 mm,
1231 496 1280 537 no·

79 587 148 630 men
173 582 433 651 tetragrammaton,
448 574 524 647 qnod
538 574 632 632 Judaei
646 573 771 652 prolerre
792 592 850 651 pre
871 575 1027 632 reverentia
1047 593 1104 633 non
1119 575 1276 643 audebant3

79 649 238 749 Uffill·
252 667 330 740 quod
344 667 379 726 de
391 668 510 745 Angelis
521 669 607 726 etiam
622 687 699 746 saepe
709 679 877 745 usurpatum
888 676 942 737 cst,
955 669 1014 727 imo
1028 668 1105 727 etde
1121 668 1278 746 prophetis,

79 762 234 838 judicibus,
249 773 279 820 et
291 764 503 831 sacerdotibus3
528 776 615 846 tm
635 763 670 822 de
692 764 810 822 homine
829 762 980 838 aliquando
1001 763 1137 840 singulari
1159 781 1278 822 numero

83 853 206 926 dietum3
222 839 291 939 ⁸7⁸.
306 856 419 926 Fortia,
433 867 512 938 tw
530 859 734 938 Omnipotens.

245 1341 249 1347 '
289 1339 327 1397 Ο.
349 1338 389 1397 11.
432 1337 488 1398 DE
510 1339 669 1400 DIVINIS
691 1338 1071 1399 PERFEOTIONIBUS.

124 1515 170 1569 ll.
193 1511 309 1569 Infinita
324 1510 461 1569 Numinis
477 1511 623 1586 perfectio,
638 1531 702 1585 quae
717 1531 756 1570 ex
767 1513 830 1587 ipsa
844 1512 987 1570 existerldi
997 1513 1165 1570 necessitate
1179 1531 1278 1571 conso⁴
1311 1540 1314 1547 ¹

80 1605 191 1678 quitur,
203 1608 311 1682 passim
326 1607 355 1663 in
369 1607 521 1680 Scripturis
533 1606 718 1687 praedicatur:
733 1617 753 1643 “
761 1607 887 1683 Magnus
900 1618 954 1674 est,
967 1616 996 1664 et
1008 1625 1065 1665 non
1078 1607 1161 1665 habet
1171 1608 1276 1666 finem:

87 1700 471 1759 excelsusetimmensus.'’²
512 1711 531 1737 ‘⁶
541 1703 666 1778 Magnus
676 1701 819 1760 Dominus
828 1711 857 1759 et
867 1701 1015 1760 laudabilis
1025 1703 1280 1779 nimis‚etmaghi·

88 1792 190 1851 tudinis
205 1797 269 1872 ejus
283 1814 342 1853 non
355 1806 401 1853 est
410 1795 522 1854 finis.⁸”
565 1797 696 1854 infinitas
707 1806 801 1854 autem
814 1796 928 1871 concipi
941 1797 1050 1867 nequit,
1065 1797 1121 1852 nisi
1135 1806 1280 1868 tamquam

91 1889 200 1964 negatio
226 1890 405 1947 limitationis
425 1891 455 1948 in
476 1890 600 1947 essentia
621 1888 743 1947 divina.⁸
784 1887 928 1965 Spinozo‚
950 1887 1080 1953 Judreus.
1103 1888 1281 1951 Amsteloda·

87 1985 203 2051 mensis,
222 1985 329 2042 seculo
353 1984 465 2043 decimo
489 1985 612 2060 septimo
639 1983 733 2042 medio
752 1983 849 2041 docuit
868 2001 962 2041 rerum
981 1983 1194 2042 universitatem
1215 2003 1280 2042 esse

89 2077 190 2144 Deum,
206 2077 413 2137 Eleatioorttm
427 2079 670 2156 Philosophorum
684 2098 750 2137 cum
762 2078 943 2153 Xenophane
958 2077 1091 2154 dogmate
1102 2080 1279 2139 resuscitato.

89 2171 302 2232 Pantheismua
315 2186 430 2232 vocatus
445 2186 499 2242 est,
511 2192 546 2231 eo
560 2175 636 2247 quod
651 2174 709 2231 Dei
723 2175 838 2232 nomine
850 2174 948 2232 omnia
958 2184 1150 2241 recensentur,
1162 2175 1281 2251 proinde

88 2287 117 2326 ac
131 2269 157 2325 si
173 2279 231 2326 tota
245 2289 339 2328 rerum
353 2270 503 2347 congeries
517 2269 613 2327 divina
625 2270 698 2328 foret
711 2270 877 2328 substantia.
923 2267 1074 2346 Schellt‘ng
1088 2270 1193 2342 aliique
1208 2272 1282 2329 inter

91 2363 254 2422 Germanos
276 2365 352 2423 idem
367 2365 508 2442 dogmatis
531 2375 690 2425 monstrum
711 2366 797 2423 variis
818 2365 974 2423 redonibus
995 2365 1133 2423 inverunt.
1178 2365 1281 2444 Institi.

88 2459 229 2518 imbeiam
250 2462 325 2536 apud
347 2462 459 2534 aliquos
479 2461 575 2519 audit:
596 2461 815 2519 uutothet‘emtts
835 2461 931 2527 etiam,
953 2479 1042 2533 quum
1063 2459 1143 2519 Deus
1165 2480 1223 2520 non
1245 2463 1284 2521 slt

90 2555 141 2612 nisi
156 2571 211 2631 ego
226 2555 395 2614 absolutum
410 2570 438 2614 et
458 2556 630 2615 individuale
644 2573 696 2614 seu
705 2554 861 2637 personale
874 2553 1081 2613 sublimatum.
1127 2544 1283 2614 Somiino-

89 2650 182 2717 nimoi,
196 2652 245 2723 qui
259 2653 288 2708 in
304 2651 407 2709 Galliis
416 2665 481 2710 ante
493 2671 598 2728 paucos
610 2671 699 2710 annos
714 2652 768 2709 orti
782 2660 859 2718 sunt,
869 2668 1051 2727 progressum
1068 2651 1184 2709 humani
1198 2671 1283 2727 gene·

90 2743 126 2800 ris
147 2743 183 2800 ad
210 2745 414 2820 perfectionem
438 2759 526 2803 status
548 2746 662 2803 socialis
684 2755 883 2820 psammutes,
905 2744 999 2800 Deum
1022 2746 1138 2801 nonnisi
1167 2740 1283 2802 nomine

90 2847 171 2894 tenus
186 2851 353 2914 agnoscunt,
369 2860 434 2898 euin
451 2860 573 2898 ararum
593 2840 775 2896 universitate
795 2836 872 2895 haud
887 2835 1119 2912 distinguentes.⁴
1159 2839 1284 2896 Soc-inus

91 2932 265 2990 Pantheismi
277 2946 390 2992 notatus
402 2946 455 3003 est,
463 2935 514 2993 sed
525 2934 648 2993 Unitarii
658 2932 787 2991 hodierni
797 2931 907 2991 divinas
919 2932 1107 3006 perfectiones
1119 2932 1286 2992 celebrant*

129 3034 175 3087 12.
199 3030 276 3096 Quot
303 3033 432 3090 absurdis
460 3043 566 3089 scateat
592 3029 808 3088 Pantheismus
832 3029 991 3087 luculenter
1016 3029 1141 3087 ostendit
1168 3029 1294 3089 Samuel·

91 3123 206 3181 Clariae.
249 3126 395 3198 Equidem
410 3129 458 3199 qui
473 3128 571 3184 omnia
584 3126 679 3184 Deum
694 3144 759 3182 esse
777 3125 856 3192 dicit,
872 3143 958 3199 quern
973 3142 1042 3182 voce
1064 3125 1174 3191 latetur,
1190 3127 1285 3202 reipsa

90 3232 192 3296 negat:
213 3239 278 3278 narn
295 3241 388 3280 rerum
401 3230 546 3299 perpetum
562 3223 639 3278 vices
653 3221 807 3282 ostendunt
820 3239 869 3278 eas
883 3239 942 3281 non
955 3239 1021 3289 esse
1036 3224 1221 3290 necessarius,
1240 3224 1285 3281 vel

90 3315 239 3390 perfectas,
247 3336 403 3399 earumque
414 3316 557 3376 discordia
567 3318 659 3376 obstat
669 3336 705 3375 ne
716 3317 817 3375 eadem
828 3317 985 3375 habeantur
995 3317 1161 3380 substantia.
1188 3318 1285 3375 Gratis
1331 3316 1335 3323 ’

89 3413 216 3479 omnino,
230 3422 259 3470 et
267 3424 365 3493 eontra
375 3416 467 3490 ipsam
480 3432 574 3472 rerunt
586 3414 767 3480 evidentiam,
777 3414 889 3472 infinita
899 3414 1016 3490 fingitur
1024 3433 1048 3470 c:
1059 3433 1173 3471 usarum
1185 3416 1284 3480 series,

91 3508 181 3566 ettoti
204 3526 299 3567 rerum
324 3511 468 3587 congeriei
489 3511 648 3568 intellectus
668 3511 809 3576 tribuitur,
825 3528 883 3582 quo
906 3511 1049 3586 pleraque
1071 3523 1180 3569 carent.
1222 3512 1285 3570 Ens

92 3601 175 3677 igitur
196 3605 390 3663 necessarium
405 3616 434 3662 et
454 3605 611 3680 sapiens‚a
630 3623 688 3678 quo
709 3615 810 3663 caetera
829 3604 944 3662 condita
963 3614 1030 3662 sunt
1049 3618 1077 3661 et
1093 3615 1236 3681 reguntur,
1252 3608 1286 3663 ab

94 3695 145 3753 illis
160 3682 349 3774 distinguatur
363 3718 481 3757 necesse
496 3712 549 3756 est.
592 3698 672 3757 Deus
694 3694 810 3772 quidem
831 3699 925 3776 “ipse
946 3710 991 3758 est
1010 3701 1039 3757 in
1061 3699 1227 3758 ominibus’'⁰
1241 3701 1287 3760 vel

96 3791 241 3867 siptacen
265 3793 294 3846 ro*
311 3803 359 3847 nav
370 3797 404 3859 ὅςι
414 3799 493 3861 «Lern,
508 3797 588 3872 ‘ipse
602 3807 646 3856 est
660 3795 783 3862 omne‚’⁷
796 3795 864 3866 quia
877 3795 949 3851 nihil
964 3795 1020 3853 nisi
1034 3815 1069 3858 eo
1087 3797 1196 3854 volente
1211 3798 1286 3860 exis·

124 3969 161 4027 tl)
179 3967 279 4016 Baruch
291 3967 324 4015 iii.
335 3969 377 4016 25.

126 4052 161 4105 (tt
181 4052 213 4099 Ps
232 4051 305 4100 cxliv.
317 4053 340 4099 3.
393 4075 397 4080 -

127 4127 272 4185 tlh'Suarez
283 4137 299 4183 1.
312 4135 336 4182 ii.
349 4136 378 4183 do
391 4135 444 4184 Deo
456 4153 476 4184 c.
490 4137 505 4184 i.

128 4223 163 4278 (4)
182 4222 243 4269 Vide
258 4222 360 4270 Portuno
372 4221 454 4270 'l'ruot.
464 4224 494 4270 de
507 4223 567 4279 Deo,
581 4239 602 4286 p.
615 4224 640 4272 li.
652 4241 673 4272 o.
685 4224 701 4272 l.
715 4223 738 4273 h.
751 4226 810 4274 2³7.

77 4346 81 4352 .
131 4307 164 4364 (5)
181 4314 195 4336 ‘·
205 4307 257 4355 Our
270 4323 353 4354 reason
367 4308 420 4355 tells
433 4324 461 4356 us
474 4308 525 4356 that
538 4309 604 4356 there
615 4325 660 4356 can
674 4310 702 4357 bc
713 4310 757 4357 but
768 4324 815 4357 one
828 4306 890 4366 God,
899 4323 946 4354 ona
955 4306 1076 4374 infinilely
1083 4309 1172 4374 perfect
1183 4311 1288 4377 Being.”

105 4383 221 4440 Unimrian
235 4392 385 4454 Miscellany‚
398 4392 444 4440 sol.
457 4391 474 4440 1.
487 4408 510 4455 p.
524 4395 563 4441 12.
598 4399 612 4423 ‘⁶
622 4371 669 4441 His
681 4394 807 4443 attributes
817 4408 858 4443 aro
869 4391 991 4441 infinita-P
1004 4408 1029 4457 p.
1043 4396 1098 4443 160.

132 4474 166 4534 ll)
184 4478 251 4526 Eccl.
264 4478 323 4526 xliii.
337 4480 378 4525 29.

134 4563 166 4620 (7)
184 4561 284 4611 Grotius
295 4562 389 4623 legebat
399 4579 459 4615 core
471 4569 486 4592 “
494 4579 567 4614 omno
578 4572 615 4612 est
626 4562 726 4628 ipsius.''

676 4653 709 4706 ln·
