2730 5018
118 257 177 317 tsi
401 254 459 315 DE
480 252 638 314 TRIBUS
656 253 700 311 ΙΝ
722 252 814 311 1)Εο
830 251 1045 311 ressonis

157 413 238 469 123.¹
251 410 317 488 obj.
333 415 361 469 8.
384 411 485 470 Plures
501 411 650 470 Trinitatis
665 409 831 467 defensores
848 409 917 467 fassi
931 419 1000 467 suut
1011 427 1074 467 eam
1086 410 1202 468 nonnisi
1210 408 1324 488 inservi
1354 428 1359 434 ·

116 521 152 560 ex
167 505 327 581 Scriptura.

155 605 221 659 124.
243 601 332 679 Rcap.
353 603 423 678 Ipse
437 601 646 678 Wolzogeuius
662 603 733 659 satis
745 601 829 658 habet
845 611 864 638 ‘⁶
880 611 974 677 seper
988 601 1145 677 legitimam
1167 599 1327 658 rauooins·

116 700 222 759 tionem
237 710 266 756 et
280 701 498 772 consequentias
513 719 551 756 ex
565 718 603 755 ca
619 697 779 756 eliciatur.’'
823 699 966 755 Ceterum
982 698 1048 754 licet
1069 697 1147 755 haud
1162 705 1205 755 tot
1224 697 1323 755 verbis

115 797 146 855 in
160 797 309 875 §criptura
323 797 492 873 mysterium
508 805 694 872 proponatur,
709 795 793 852 Pater
807 794 909 853 dicitur
924 795 1014 860 Deus,
1030 794 1128 853 Filius
1137 794 1232 861 Deus,
1254 792 1324 869 Spi-

115 894 186 951 ritus
201 896 325 952 Sauctus
351 893 445 960 Dens,
458 903 486 949 et
500 893 654 964 unicuique
669 909 797 966 personae
819 891 1008 966 perfectiones
1022 891 1124 955 divine
1147 891 1315 961 tribuuntur,
1348 900 1356 909 '

117 998 146 1051 et
159 1008 233 1046 unus
248 988 329 1045 Deus
350 987 404 1044 alte
430 987 607 1062 predicatur.
650 986 746 1051 Qnurn
771 985 896 1057 alioquin
918 986 1040 1063 Patere
1063 986 1154 1051 Filior
1165 984 1271 1051 Filius,
1289 995 1316 1045 et

118 1082 203 1145 Pater
217 1102 234 1139 a
248 1082 355 1158 Spiritu
372 1082 478 1140 Sancto
501 1081 722 1157 distinguantur,
744 1083 930 1157 perspicuum
948 1081 981 1137 fir
1000 1081 1125 1147 Patrem,
1148 1080 1273 1146 Filium,
1289 1091 1321 1138 et.

23 1196 28 1205 ¹
118 1177 257 1254 Spiritum
274 1179 424 1244 Sanctum.
434 1177 502 1235 licet
515 1178 587 1234 inter
600 1195 633 1234 se
647 1176 940 1244 distinctos„euudem
956 1195 1020 1234 esse
1035 1173 1143 1244 Deum,
1155 1186 1184 1232 et
1198 1174 1314 1251 proinde

117 1281 175 1330 tres
189 1292 254 1330 esse
268 1275 297 1331 in
312 1293 369 1331 uua
390 1273 446 1331 Dei
460 1274 584 1330 essentia
605 1292 753 1349 personas.
785 1273 905 1330 Accedit
925 1273 1081 1349 publicaet
1100 1271 1241 1331 solemnis
1262 1270 1313 1331 Ec·

118 1370 215 1429 alesin
229 1372 403 1449 predicatio,
418 1372 501 1439 fides,
515 1381 545 1429 et
558 1371 660 1439 cultus,
676 1372 783 1430 divinae
803 1371 1177 1431 revelationis'documenta
1190 1369 1314 1436 indubia.

161 1473 228 1527 125.
254 1468 320 1548 Obj.
337 1472 366 1527 9.
388 1469 469 1528 Adeo
484 1479 550 1527 suut
563 1468 709 1526 discordes
724 1470 873 1532 Trinitatis
885 1469 1012 1527 vindices
1024 1470 1055 1526 in
1069 1458 1237 1526 discrimine
1247 1467 1318 1527 inter

119 1565 273 1622 essentiam
287 1575 316 1622 et
328 1583 480 1641 personam
496 1563 672 1631 definiendo,
685 1574 713 1622 et
735 1565 801 1641 ipso
824 1564 957 1641 dogmate
979 1563 1207 1641 explicandoaut
1228 1571 1323 1639 pateat

119 1675 174 1715 nec
188 1658 268 1734 ipsos
283 1678 368 1718 nosse
383 1659 452 1731 quid
466 1658 501 1716 de
516 1677 550 1715 ea
563 1658 738 1716 credendum
750 1660 796 1716 sit.

166 1758 232 1811 126.
254 1754 345 1832 Reep.
367 1755 570 1814 Constansest
590 1756 718 1812 omnium
734 1754 951 1813 catholiconuu
973 1755 1143 1829 doctrinaet
1156 1753 1249 1822 fidem.
1261 1762 1321 1813 tres

119 1850 149 1906 in
164 1849 228 1907 Deo
243 1868 379 1927 personas
394 1871 410 1908 a
424 1869 455 1908 se
468 1851 603 1911 invicem
614 1851 761 1927 distingui,
775 1850 829 1908 sed
847 1850 967 1909 eandem
987 1869 1106 1908 numero
1128 1850 1235 1926 habere
1254 1851 1321 1908 sub·

120 1946 262 2003 stantiam.
304 1946 418 2023 Dogma
432 1965 489 2004 non
515 1947 620 2023 pendet
644 1967 661 2003 a
682 1948 799 2004 vocibus
814 1947 916 2018 quibus
931 1945 1060 2003 doctores
1079 1945 1249 2004 scholastici
1268 1964 1322 2005 uo·

122 2041 216 2099 tiones
231 2042 340 2114 aliquas
355 2043 511 2101 definiunt:
533 2063 587 2102 nec
601 2045 706 2116 estqui
721 2045 813 2103 valeat
825 2053 933 2102 tanturn
948 2063 1084 2101 arcanum
1095 2053 1225 2102 accurate
1239 2045 1320 2102 intel·

120 2137 196 2194 lectu
210 2138 372 2214 complecti.
414 2137 538 2204 Quodsi
554 2140 752 2197 Protestantici
768 2139 883 2212 quidam
895 2140 1043 2197 Trinitatis
1058 2138 1191 2196 vindices·
1202 2140 1232 2196 iu
1247 2139 1326 2216 ipris

120 2233 284 2289 notionibus
298 2231 444 2290 discordes
458 2233 618 2301 videantur,
638 2253 735 2292 eorurn
752 2236 897 2292 sententia
912 2235 985 2292 nibil
1006 2243 1130 2310 possunt
1148 2234 1273 2310 publicis
1291 2218 1324 2291 et

120 2327 278 2385 notissimae
293 2325 361 2384 fidei
374 2327 515 2385 Ecclesiae
537 2329 735 2404 prejudicare.
773 2329 883 2387 Omnes
905 2348 943 2387 ea
953 2328 1074 2387 docento
1095 2330 1230 2388 novimus
1250 2326 1324 2401 quid

123 2422 296 2481 credendum
311 2425 359 2492 sit,
374 2426 504 2498 quamvis
519 2444 604 2482 nemo
616 2427 770 2501 majestatis
785 2445 926 2502 supremae
938 2427 1075 2503 abyssum
1087 2428 1208 2486 scrutari
1218 2427 1319 2503 possit.

163 2524 230 2579 127.
257 2519 324 2599 obj.
342 2525 389 2578 10.
411 2520 566 2578 Distinctio
590 2524 663 2578 inter
683 2523 836 2586 essentiam
861 2533 890 2578 et
904 2541 1056 2598 personam
1075 2525 1162 2600 gratis
1183 2525 1324 2600 fingitura

121 2634 187 2674 nam
204 2634 326 2691 persona
340 2615 411 2672 nihil
433 2626 486 2682 est,
502 2616 552 2673 sed
572 2617 728 2672 substantia
753 2616 915 2692 intelligens
935 2636 1057 2692 persona
1076 2618 1190 2685 dicitur.
1230 2603 1339 2696 igitur·

123 2721 179 2770 tres
195 2730 324 2788 personae
340 2713 368 2769 in
384 2731 441 2768 una
453 2713 577 2769 essentia
588 2711 740 2768 absurdum
751 2712 819 2784 quid
834 2713 1042 2788 praeseferunt?

166 2814 232 2866 128.
253 2808 345 2884 Resp.
365 2808 494 2866 Persona
507 2809 621 2880 quidem
637 2818 752 2865 nonest
766 2809 874 2881 aliquid
887 2811 1018 2867 esseutiae
1039 2809 1175 2878 additum,
1191 2810 1242 2890 sed
1258 2811 1324 2886 ipsa

122 2906 249 2962 essentia
263 2904 424 2980 intelligens
440 2922 502 2976 quae
518 2905 668 2961 subsistit:
689 2914 812 2962 attamen
827 2924 863 2962 ex
875 2925 910 2963 eo
920 2905 1112 2981 quod-triplex
1124 2907 1162 2963 sit
1173 2903 1244 2963 ratio
1256 2908 1324 2964 sub·

124 3001 254 3068 sistendi,
270 3002 405 3059 essentiae
416 3001 509 3058 unitas
529 3021 587 3058 non
610 3001 727 3068 tollitur,
743 3020 794 3058 nec
815 3003 997 3060 subsistentia
1016 3021 1136 3060 vacuurn
1150 3003 1183 3060 fit
1203 3022 1326 3062 nomen„

123 3097 258 3153 Fatemur
272 3097 396 3168 alioquin
412 3098 566 3168 unicuique
588 3097 718 3153 essentiae
731 3099 850 3155 naturali
864 3101 983 3157 unicam.
1000 3118 1064 3156 esse
1086 3100 1300 3158 subsistentiam
1312 3120 1323 3165 r

123 3191 179 3247 sed.
190 3209 288 3262 quum,
304 3191 369 3248 Deo
384 3193 447 3267 ipso
472 3191 601 3257 docente,
616 3192 779 3248 noverimus
804 3212 874 3250 eunt
893 3195 1005 3251 Patrem
1021 3213 1095 3260 esse,
1111 3205 1139 3251 et
1153 3195 1273 3263 Filium,
1294 3207 1326 3253 et

92 3287 263 3362 .Spt'ritum
289 3287 435 3353 Sanctum,
450 3304 546 3343 unuin
571 3296 775 3352 tamen,unam
802 3289 911 3346 scilicet
932 3291 1084 3348 essentiam
1099 3291 1254 3358 divinanti.
1267 3301 1329 3348 tres

123 3382 331 3448 subsistentias,
357 3401 408 3438 scu
433 3382 573 3457 triplicem
598 3382 773 3440 subsistendi
795 3383 911 3442 modum
938 3386 1099 3444 necessario
1118 3387 1326 3462 agnoscimus:

122 3495 177 3534 nec
193 3478 295 3534 mirum
310 3486 438 3535 naturam
453 3477 581 3536 divinam
594 3495 679 3535 omne
694 3478 722 3534 in
737 3497 831 3536 rernm
846 3490 944 3538 natura
958 3481 1042 3557 longe
1056 3481 1207 3545 excedere.

165 3579 232 3632 129.
259 3574 390 3652 Obj.1r.
415 3575 444 3633 Si
467 3575 657 3632 subsistentiae
672 3576 767 3651 plures
789 3579 923 3635 essentiae
936 3578 1040 3636 divinae
1064 3569 1230 3654 tribuantur,
1243 3581 1328 3638 nulla

122 3675 175 3734 erit
187 3673 259 3730 ratio
273 3690 328 3743 qua
342 3690 438 3728 earum
454 3690 588 3728 numerus
604 3670 679 3728 certb
695 3671 868 3729 definiatur.2

165 3772 231 3824 130.
252 3767 423 3845 Rapum
435 3767 569 3825 revelatio
590 3777 633 3824 est
646 3768 731 3824 unica
744 3779 772 3825 et
793 3768 938 3826 sufficiens
961 3771 1102 3843 ratio-qua
1121 3771 1328 3843 subsistentias

121 3865 231 3924 divinas
246 3865 427 3924 definiamus.
468 3866 512 3923 De
529 3867 535 3921 i
539 3866 619 3942 psius
633 3876 731 3922 natura
745 3865 788 3924 nil
800 3867 856 3924 nisi
871 3885 907 3924 eo
921 3867 1041 3924 docento
1054 3886 1140 3926 nosse
1154 3869 1323 3944 gloriamur.

163 3967 231 4021 131.
256 3962 325 4040 Obj.
339 3968 385 4025 12.
409 3963 598 4019 Subsistentia
612 3961 716 4018 modus
730 3973 836 4020 tantum
852 3973 989 4030 est,„non.
1002 3983 1047 4021 res
1062 3963 1178 4036 aliqua:
1202 3964 1347 4024 modum‘

122 4067 215 4115 autem
231 4057 260 4114 in
275 4057 341 4113 Deo
354 4056 479 4132 cogitare
493 4067 536 4112 est
557 4056 647 4112 nefas.

161 4155 228 4209 132.
249 4149 338 4226 Rrap.
370 4149 496 4218 Modus
514 4168 571 4221 quo
597 4167 684 4205 sensu
714 4148 808 4224 vnlgb.
820 4150 997 4228 intelligitur,
1022 4153 1154 4212 accidens
1176 4153 1329 4226 quoddam

120 4256 212 4316 sonat,
237 4248 355 4305 sormam
379 4245 488 4302 scilicet
513 4245 662 4301 mutationi
687 4245 860 4303 obnoxiam:
887 4248 938 4305 sed
961 4249 1064 4308 modus
1090 4248 1267 4309 subsistendi
1286 4249 1329 4310 ud

452 4437 489 4498 (1)
507 4434 571 4483 Vide
584 4434 738 4500 Wolzogenii
750 4436 845 4490 Declar.
857 4455 879 4490 c.
889 4439 929 4499 iv,

337 4522 379 4619 ’,ἐι
455 4523 494 4586 (2)
511 4520 547 4573 Iu.
558 4537 616 4572 arv.
