2744 5024
89 253 151 311 aaa
316 247 374 311 us
394 247 545 311 uonna
566 247 739 308 cunum
758 246 1068 333 eno-ouranos

89 404 190 464 salutis
202 403 332 463 subsidio
345 422 440 461 carere
453 422 504 462 eos
520 403 619 470 voluit,
633 423 700 463 nam
722 413 742 440 ⁴·
753 403 831 462 dedit
850 402 1081 485 remptionem
1100 406 1254 482 mcupnn

87 519 141 577 pro
154 498 332 559 omnibus.”¹
361 500 484 575 Semper
496 498 609 557 auditus
619 515 692 558 esta
705 499 801 564 Patro,
812 498 865 557 sod
875 498 1034 572 aliquando
1046 499 1141 558 adom
1149 501 1254 567 conditio,

88 613 146 666 qua
158 592 308 651 deficiente
321 592 414 650 uoluit
427 592 561 650 effectum
574 594 668 666 sequi.
703 594 754 650 Sic
768 592 890 660 auditur,
902 594 1053 651 oonsssis
1067 592 1202 662 substdiis,
1212 596 1254 666 qui·

87 690 141 747 bus
155 687 189 746 ad
203 688 324 747 salutem
349 688 519 765 perveniunt
539 687 666 765 plurimi,
681 687 750 746 dum
764 689 823 755 alii,
839 706 934 765 pravas
957 688 1112 747 voluntatis
1124 688 1254 757 riuulo

84 784 173 842 ciunt.

124 881 196 936 2⁰4.
221 876 291 956 obj.
310 882 339 937 3.
355 877 401 937 De
415 875 504 934 calice
518 875 591 934 dixit
604 876 757 935 Christus:
780 885 801 913 ‘⁶
814 875 873 934 llic
885 886 931 935 est
943 878 1063 955 sanguis
1076 896 1158 939 meus
1168 878 1209 952 qai
1218 896 1255 955 pro

85 973 184 1032 multis
199 973 362 1032 effundetur
382 973 413 1030 iu
432 973 631 1031 remissionem
652 971 881 1049 pcccatorum.’'¹
921 973 990 1031 Nisi
1011 973 1120 1032 eleeto·
1138 973 1255 1051 dagam

86 1070 236 1139 voluisset,
250 1070 330 1129 nulla
343 1079 404 1128 erat
416 1069 488 1127 ratio
501 1069 608 1126 cursio
621 1068 793 1141 loqueretur.

123 1170 194 1224 205.
215 1165 305 1243 Hesp.
327 1164 438 1222 Omnes
451 1181 488 1221 eo
510 1162 566 1220 loci
589 1163 802 1240 intelliguntur,
829 1164 899 1221 ratio
923 1172 1019 1221 autem
1044 1163 1206 1223 verosimilis
1221 1180 1258 1221 cu

90 1259 191 1317 multis
215 1259 260 1314 vis
285 1266 361 1314 tanta
384 1256 530 1323 tribuatur,
545 1266 589 1313 est
613 1258 680 1328 qnia
698 1258 785 1316 unius
809 1256 919 1314 Christi
940 1275 1006 1316 cum
1025 1260 1136 1316 caeteris
1154 1259 1260 1318 ommbut

81 1350 248 1410 homiuibus
261 1352 346 1408 tacita
359 1349 391 1406 tit
401 1350 594 1426 comparatio:
609 1352 664 1418 napi
676 1356 795 1406 nmis-⁸
815 1351 865 1409 Sic
876 1351 951 1428 apud
963 1353 1101 1429 profanos
1113 1355 1260 1431 scriptores:

85 1456 105 1483 ‘⁶
118 1446 219 1505 Unum
239 1465 292 1523 pm
310 1445 408 1503 multis
433 1444 543 1502 dabitur
562 1444 695 1520 caput.”⁴
735 1445 858 1504 Constat
877 1447 997 1521 quiden
1017 1448 1124 1509 multos
1137 1458 1165 1507 et
1182 1462 1281 1509 om·

85 1540 238 1614 aliquando
253 1541 417 1619 permutari.
459 1541 509 1597 Sic
524 1539 646 1598 Daniel:
669 1540 786 1597 “Multi
807 1539 843 1598 de
857 1541 903 1599 bis
925 1543 976 1614 qui
997 1542 1143 1602 dormiunt
1154 1544 1184 1602 iu
1201 1553 1275 1603 unc

79 1635 208 1711 pulvera,
222 1634 452 1712 evigilabunt:”⁵
461 1632 539 1707 quod
549 1633 585 1692 de
593 1634 726 1693 omnibus
738 1635 859 1692 affirmat
867 1635 1022 1695 loannes.⁸
1052 1638 1207 1716 Apostolus
1220 1639 1278 1697 ait:

84 1744 104 1771 ‘⁶
118 1735 146 1792 in
162 1751 263 1793 omnes
277 1733 411 1792 homiues
426 1750 503 1790 mors
525 1731 735 1810 pertransiit,”⁷
748 1746 821 1804 quos
843 1745 940 1791 tamen
953 1735 1060 1793 multos
1082 1735 1215 1813 deiuoeps
1231 1734 1293 1794 ἂν

81 1831 199 1907 signat.l
238 1830 417 1906 Augustinus
432 1827 538 1885 idcirco
560 1838 639 1885 notat
659 1837 679 1863 ‘⁴
690 1845 747 1884 non
762 1846 922 1904 repugnare
936 1830 1071 1887 omnibus
1086 1831 1202 1899 multos,
1213 1833 1278 1905 quia

80 1927 138 2002 ipsi
152 1943 254 1984 omnes
268 1943 326 1982 non
348 1924 442 2000 pauci,
457 1922 508 1980 sod
531 1923 611 1979 multi
633 1920 749 1979 suut.’'⁰
788 1921 933 1981 Caeterum
955 1924 1065 2000 optime
1087 1925 1277 1984 animadvertit

81 2022 114 2078 S.
130 2021 261 2078 Thomas
277 2019 425 2092 Aquinas:
448 2026 468 2053 ‘⁸
481 2017 539 2074 Pro
554 2016 650 2073 multis
664 2026 693 2073 et
713 2034 766 2092 pru
786 2017 921 2074 omnibus
942 2020 1064 2094 sanguis
1086 2019 1198 2078 effusus
1217 2030 1278 2088 est;

81 2118 149 2190 quia
162 2117 188 2173 si
201 2113 395 2173 consideretur
408 2110 589 2178 sufficientia,
603 2112 666 2186 ipse
680 2120 725 2168 est
738 2112 901 2188 propitiatio
915 2132 968 2188 pro
982 2117 1109 2190 puocatis
1122 2117 1237 2184 uostris,
1249 2129 1277 2174 et

80 2230 140 2270 non
154 2220 264 2268 tantum
278 2227 330 2285 pro
344 2207 459 2273 nostris,
474 2205 525 2262 sed
537 2217 566 2264 et
577 2207 662 2264 totius
674 2205 792 2264 mundi:
808 2206 860 2264 sed
871 2207 898 2265 si
910 2210 1126 2270 consideremus
1138 2211 1280 2279 effectum,

79 2324 138 2363 non
152 2305 237 2361 habet
250 2302 383 2359 effectum
398 2300 454 2357 uisi
468 2301 498 2358 iu
513 2301 548 2357 iis
563 2301 612 2372 qui
627 2301 781 2368 salvantur,
795 2312 824 2358 et
837 2301 894 2360 hoc
905 2321 942 2361 es
956 2305 1042 2382 culpa
1054 2306 1265 2366 bominum.”¹⁰

119 2404 189 2458 206.
214 2396 280 2475 Olp‘.
296 2402 325 2454 4.
348 2396 380 2452 S.
395 2395 574 2470 Augustinus
588 2395 674 2452 dicit:
698 2406 717 2432 ‘⁶
731 2397 800 2453 Non
816 2398 890 2472 perit
903 2418 977 2459 unus
987 2418 1026 2458 ex
1039 2402 1097 2460 illis
1112 2422 1166 2479 pro
1179 2405 1281 2478 quibus

80 2497 214 2555 Christus
228 2503 357 2552 mortuus
372 2491 472 2549 est.'’¹¹

118 2598 188 2652 207.
210 2590 299 2668 Reap.
321 2589 367 2647 Eo
381 2589 438 2646 loci
458 2588 576 2663 respicit
598 2589 774 2664 Augustinus
796 2593 952 2670 specialem
976 2592 1085 2651 Christi
1108 2595 1282 2655 voluntatem

79 2710 147 2767 erga
157 2685 318 2746 salvandos.
341 2685 451 2761 Agebat
463 2684 540 2740 enim
553 2682 588 2740 de
601 2687 801 2760 mysteriorum
814 2690 881 2746 fidei
897 2689 1093 2766 intelligentia,
1106 2709 1171 2764 quae
1184 2692 1282 2767 paucis

80 2786 263 2845 conceditur:
294 2781 402 2839 “Nam
417 2782 441 2838 si
457 2792 572 2856 propter
586 2799 635 2838 eus
657 2784 734 2841 solos
756 2783 889 2842 Christus
911 2795 1040 2844 mortuus
1062 2794 1116 2853 est,
1132 2788 1184 2860 qui
1207 2798 1282 2845 certa

79 2880 266 2959 intelligentia
289 2886 411 2954 possunt
424 2877 478 2933 ista
492 2875 663 2944 discernere,
687 2897 759 2953 pene
783 2880 886 2936 frustra
900 2881 930 2937 in
951 2880 1086 2938 Ecclesia
1106 2882 1281 2940 laboramus.

79 2979 113 3034 Si
126 2989 231 3043 autem,
247 2973 322 3046 quod
338 2972 441 3028 veritas
455 2971 549 3037 habet,
565 2972 670 3029 infirmi
685 2975 784 3049 populi
806 2975 982 3032 credentium
997 2975 1030 3032 ad
1053 2974 1200 3035 medicum
1219 2997 1280 3035 cur-

78 3084 152 3139 runt,
168 3069 286 3127 sanandi
300 3087 351 3142 per
367 3067 515 3122 Christum
530 3079 558 3122 et
571 3067 647 3125 hunc
659 3072 836 3137 crucifixum,
848 3082 878 3129 ut
891 3073 938 3128 ubi
951 3071 1104 3130 abundavit
1117 3084 1279 3149 peccatum,

79 3164 289 3243 superabundet
311 3161 409 3236 gratia,
425 3161 504 3216 miris
520 3161 551 3215 fit
576 3161 669 3218 modis
689 3183 741 3239 per
762 3167 939 3224 altitudinem
955 3167 1117 3226 divitiarum
1132 3171 1279 3246 sapientiae

49 3294 54 3307 ·
76 3243 106 3320 et
120 3260 245 3317 scientiae
271 3257 337 3320 Dei,
353 3265 381 3310 et
394 3273 446 3328 per
464 3256 657 3313 inscrutabilia
673 3260 783 3334 judicia
797 3264 870 3338 ejus,
886 3274 917 3320 ut
930 3273 958 3321 et
974 3264 1103 3321 nonnulli
1118 3284 1134 3321 a
1155 3267 1278 3342 corpori·

75 3359 128 3414 bus
143 3357 310 3428 incorporea
331 3349 535 3415 discernentes,
551 3369 616 3408 cum
631 3354 686 3411 sibi
701 3374 737 3412 ex
759 3357 814 3414 hoc
837 3360 931 3434 magni
955 3360 1095 3427 videntur,
1111 3372 1139 3417 et
1160 3359 1277 3418 irrident

77 3450 222 3508 stultitiam
237 3443 446 3525 predicationis
461 3461 516 3516 qua
531 3444 602 3503 salvi
616 3447 688 3506 fiunt
709 3451 868 3520 credentes,
884 3455 918 3512 ab
939 3455 1023 3512 unica
1036 3456 1082 3512 via
1097 3455 1183 3530 longe
1198 3473 1275 3512 exer·

336 4503 362 4546 11
384 4500 432 4566 Ep.
443 4499 517 4550 clxix.
529 4501 588 4551 alias
597 4503 636 4552 cii.
646 4503 749 4553 Evodio.
