2730 5018
117 281 174 341 roe
351 280 408 341 uu
430 277 680 339 urvrurrrru
703 259 1078 338 sprurrus'srucrr.

115 437 263 506 Sanctum,
278 456 335 496 non
350 439 506 495 remittetur
520 436 557 503 ei,
572 453 665 507 neque
680 435 709 492 in
723 435 779 492 lroc
793 435 909 502 saeculo,
924 453 1018 509 neque
1033 436 1063 493 in
1077 432 1221 494 iuturo.”¹
1261 428 1318 486 Er·

115 553 153 611 go
169 535 368 610 gravissimum
384 543 428 590 est
441 533 549 590 crimen
564 532 592 589 in
608 530 747 607 Spiritum
758 532 894 589 Sanctum
909 548 1046 607 peccare:
1068 549 1137 607 ergo
1158 528 1242 588 Deus
1263 538 1318 585 est.

157 634 205 687 54.
228 629 329 687 Petrus
344 628 497 694 Ananiam,
513 627 648 685 fallaciter
662 626 697 683 de
712 626 803 702 pretio
817 627 877 702 agri
892 635 1033 705 agentem,
1049 624 1193 684 mendacii
1208 625 1238 682 in
1252 624 1317 700 Spi-

77 736 79 741 ’
115 725 199 782 ritum
211 726 347 782 Sanctum
363 723 463 799 arguit,
476 740 599 795 eumque
613 718 803 798 idcircodicit
815 721 878 780 Deo
890 721 1061 805 mentitum:
1084 730 1104 757 ‘⁴
1113 721 1253 787 Ananias,
1268 738 1318 777 cur

116 821 235 878 tentavit
249 820 368 877 Satanas
382 838 432 876 cor
447 828 536 885 tuum,
553 819 665 875 mentiri
681 826 707 874 te
722 817 842 893 Spiritui
862 817 989 875 Sancto!
1011 858 1020 875 .
1043 857 1051 875 .
1075 858 1083 874 .
1107 817 1178 875 Non
1193 834 1226 872 es
1241 834 1318 873 meu·
1340 835 1343 840 ·

116 917 184 975 titus
199 917 375 984 hominibus,
390 914 439 973 sed
455 914 565 973 Deo.”⁹
605 915 790 973 Mendacium
805 933 900 972 coram
912 914 999 972 Petro
1012 914 1168 991 protulerat
1177 912 1315 978 Ananiam

118 1012 170 1070 sed
182 1011 251 1070 illud
266 1012 365 1068 habuit
379 1011 481 1069 Petrus
496 1010 583 1069 veluti
598 1011 717 1088 Spiritui
732 1011 837 1068 Sancto
851 1009 969 1078 dictum,
985 1002 1032 1068 uel
1044 1010 1120 1084 quod
1132 1009 1183 1068 ille
1193 1009 1319 1067 vovisset

118 1125 151 1164 se
166 1117 255 1165 toturn
270 1108 329 1184 agri
344 1108 466 1183 pretium
480 1108 543 1165 Deo
556 1107 722 1175 dicaturum,
735 1107 781 1164 vel
795 1105 871 1178 quod
882 1106 1080 1182 Apostolum
1093 1105 1219 1183 Spiritus
1232 1105 1317 1162 Sanc·

117 1204 139 1260 ti
153 1203 263 1260 lumine
278 1204 382 1278 agenti,
408 1205 542 1261 mentitus
557 1213 645 1260 esset.
686 1203 756 1261 Ideo
770 1200 951 1279 autem1Deo
966 1202 1099 1259 mentitus
1115 1201 1230 1268 dicitur,
1252 1201 1317 1275 quia

120 1298 260 1376 Spiritum
275 1300 411 1356 Sanctum
428 1299 514 1357 veluti
528 1299 624 1357 sallere
639 1300 788 1357 mendacio
803 1308 949 1357 tentasset.
990 1290 1071 1375 Ergo
1084 1298 1210 1375 Spiritus
1227 1297 1313 1357 Saue·
1354 1322 1362 1357 .·

119 1404 165 1451 tus
181 1393 260 1451 Deus
275 1405 328 1453 est.
1363 1473 1364 1478 ἵ

161 1495 210 1548 55.
231 1490 337 1548 Miseio
352 1502 380 1548 et
393 1493 543 1549 auctoritas
563 1469 766 1568 Apostolorum
782 1491 902 1566 Spiritui
916 1491 1022 1548 Sancto
1044 1490 1223 1548 tribuuntur:
1246 1507 1314 1563 quos
1352 1510 1364 1571 g.

120 1597 215 1644 tamen
230 1605 282 1662 pro
303 1586 367 1644 Deo
386 1587 527 1663 legatione
542 1587 621 1664 iungi
636 1598 755 1645 constat.
798 1587 917 1644 Saulum
938 1601 967 1644 et
981 1572 1140 1655 Barnabam
1155 1596 1316 1662 segregatos
1364 1573 1365 1576 ¹

117 1685 178 1760 jam
194 1682 328 1750 vidimus,
352 1684 461 1760 Spiritu
475 1685 581 1742 Sancto
590 1685 720 1761 jubente,
748 1684 864 1760 inopus
886 1683 916 1741 in
931 1681 1007 1757 quod
1022 1700 1072 1740 eos
1093 1683 1228 1760 elegerat.
1271 1683 1317 1742 Sic

121 1779 231 1839 Paulus
247 1789 363 1836 testatur
375 1781 528 1857 episcopos
542 1800 558 1837 a
573 1780 681 1856 Spiritu
696 1781 801 1837 Sancto
816 1781 983 1838 constitutos
998 1798 1073 1847 esse,
1095 1788 1127 1836 ut
1147 1789 1267 1854 pascant
1280 1798 1319 1838 re·
1358 1828 1361 1833 .

122 1883 246 1952 gantque
261 1875 442 1933 Ecclesiam:
466 1876 640 1933 “Attendite
656 1876 735 1933 vobis
748 1885 777 1932 et
789 1876 923 1934 universo
937 1856 1027 1952 giegi,
1048 1875 1078 1933 iu
1092 1893 1150 1949 quo
1164 1893 1217 1934 vos
1232 1875 1320 1952 Spiri-

123 1982 169 2028 tus
184 1971 306 2029 Sanctus
321 1971 417 2046 posuit
430 1973 594 2049 episcopos,
609 1990 707 2048 regere
722 1971 885 2030 Ecclesiam
906 1970 1010 2030 Dei.'’⁸
1051 1970 1196 2045 Equidem
1218 1973 1322 2030 consti·

122 2074 202 2124 tuere
217 2065 357 2124 Ecclesia
371 2077 505 2135 rectores,
521 2065 703 2141 divinamque
717 2067 759 2124 eis
773 2067 913 2144 impertiri
926 2067 1131 2136 auctoritatem,
1156 2066 1215 2126 Dei
1233 2066 1337 2130 solius,

124 2171 177 2218 est.
1295 2156 1298 2161 ’

164 2259 213 2313 56.
236 2256 344 2314 Rerum
356 2257 576 2334 prescientiam,
586 2275 742 2330 earumque
750 2257 964 2326 revelationem,
979 2257 1098 2335 Spiritui
1110 2260 1217 2318 Sancto
1229 2257 1327 2317 tribuit

124 2351 299 2428 Apostolus:
323 2394 331 2411 .
355 2395 362 2412 .
387 2395 394 2411 .
417 2355 573 2431 “Spiritus
588 2356 710 2414 Sanctus
732 2375 783 2432 per
796 2375 897 2414 omnes
911 2355 1037 2415 civitates
1052 2356 1123 2414 milri
1143 2364 1325 2435 protestatur,

125 2447 242 2509 dicens:
265 2451 400 2523 quoniam
415 2451 527 2509 vincula
541 2462 570 2510 et
583 2453 776 2511 tribulationes
790 2450 809 2510 J
811 2454 982 2530 erosolymis
996 2472 1043 2512 me
1057 2453 1223 2512 maneut”⁴

165 2550 213 2604 57.
236 2547 307 2612 Quae
322 2546 411 2605 isaias
426 2548 461 2606 de
478 2549 540 2607 Deo
554 2569 585 2607 se
601 2551 729 2608 mittente
741 2548 824 2617 dixit,
841 2551 932 2627 gloria
943 2550 1065 2610 Jehovae
1079 2550 1151 2618 visa,
1163 2549 1327 2627 Apostolus

125 2639 161 2697 de
186 2641 295 2718 Spiritu
309 2643 415 2702 Sancto
436 2645 650 2721 interpretatur:
674 2654 693 2682 “
705 2647 785 2703 Bene
800 2647 923 2723 Spiritus
945 2646 1067 2704 Sanctus
1087 2645 1200 2704 locutus
1215 2656 1261 2704 est
1274 2664 1329 2723 per

125 2734 230 2794 isaiam
245 2739 421 2814 Prophetam
443 2740 476 2797 ad
504 2752 596 2816 patres
623 2750 745 2809 nostros,
769 2741 884 2799 dicens:
909 2741 988 2799 Vade
1013 2740 1049 2799 ad
1073 2741 1213 2817 populum
1238 2743 1329 2807 istum

125 2871 133 2889 .
157 2875 164 2889 .
188 2874 196 2891 .
218 2846 246 2892 et
259 2854 357 2893 sanem
372 2837 470 2894 eos.’'⁵
510 2838 667 2895 Dominum
683 2838 778 2895 Deum
792 2838 890 2904 Israel,
906 2840 955 2911 qui
969 2839 1080 2896 locutus
1095 2848 1139 2896 est
1150 2856 1201 2914 per
1213 2857 1247 2897 os
1260 2855 1329 2914 pro·

126 2931 286 3006 phetarum,
302 2934 453 2991 celebravit
467 2934 618 2992 Zacharias
628 2936 650 3001 ;Β
670 2945 699 2991 et
713 2935 819 3010 Spiritu
835 2935 940 2993 Sancto
955 2935 1118 3011 impellente
1130 2954 1180 2992 eos
1193 2935 1331 2993 vaticinia

72 3053 81 3062 *
126 3027 233 3101 scripto
247 3028 377 3083 retulisse
392 3027 461 3084 <licit
475 3029 601 3085 Petrus.⁷
641 3029 696 3086 Est
711 3029 796 3104 igitur
810 3030 870 3105 ipse
885 3030 1007 3097 Jehova,
1023 3031 1103 3088 Deus
1114 3030 1227 3088 Israel„

167 3117 215 3177 58.
239 3122 454 3180 Revelationem
470 3124 503 3180 ad
520 3125 657 3200 Spiritum
673 3126 810 3182 Sanctum
827 3127 910 3183 refert
923 3127 1089 3204 Apostolus,
1105 3129 1132 3184 ei
1147 3128 1262 3203 plenam
1279 3145 1330 3184 no·

127 3217 217 3274 titiam
232 3219 360 3275 omnium
381 3237 546 3276 arcanorum
574 3220 708 3277 tribuens.
751 3221 833 3278 Fidei
848 3223 985 3298 mysteria
998 3243 1014 3280 a
1029 3223 1134 3281 saeculo
1149 3223 1329 3291 abscondita,

127 3322 224 3388 utpote
240 3313 296 3370 virn
312 3313 471 3370 intellectus
486 3314 603 3372 humani
615 3317 786 3391 superantia,
801 3316 879 3386 dicit,
892 3319 1067 3396 adjungens:
1092 3329 1111 3355 “
1122 3320 1217 3378 Nobis
1232 3329 1330 3377 autem

126 3410 262 3466 revelavit
277 3410 356 3467 Deus
373 3429 423 3486 per
443 3411 584 3487 Spiritum
605 3432 708 3471 suurn:
732 3416 856 3491 Spiritus
877 3418 952 3474 enirn
968 3417 1064 3475 omnia
1078 3425 1226 3484 scrutatur,
1242 3416 1331 3474 etiam

128 3507 267 3582 profunda
282 3507 348 3565 Dei.
390 3509 463 3575 Quis
478 3509 554 3566 eninr
570 3509 719 3568 hominurn
735 3513 789 3568 scit
803 3531 866 3585 quae
882 3522 948 3570 sunt
961 3513 1098 3579 hominis,
1124 3513 1179 3570 nisi
1201 3511 1329 3587 Spiritus

127 3602 264 3691 lrominis,
280 3605 329 3678 qui
343 3605 373 3662 in
387 3605 451 3683 ipso
466 3615 526 3663 est:
549 3606 587 3662 ita
601 3616 629 3664 et
642 3626 705 3681 quae
721 3608 777 3666 Dei
789 3619 864 3678 sunt,
877 3628 962 3666 nemo
973 3609 1116 3688 cognovit,
1131 3608 1187 3666 nisi
1202 3607 1329 3686 Spiritus

128 3696 232 3755 Dei.'’⁸
298 3741 301 3745 ψ

496 3900 536 3964 (l)
554 3899 625 3948 Mart.
633 3899 675 3949 xii.
685 3902 725 3949 33.

497 4155 536 4213 (t)
555 4154 663 4203 lituae.

495 4238 534 4299 (5)
552 4239 759 4291 rotunditas.
793 4242 871 4304 isaim,
878 4244 909 4293 vi.
917 4248 941 4292 9.

493 4325 530 4380 (6)
549 4321 611 4372 Luc.
623 4324 639 4371 i.
651 4326 690 4372 68.
701 4328 742 4373 70.
809 4364 810 4368 ,

496 4407 538 4472 (7)
558 4407 582 4455 11
594 4407 646 4456 Pet
658 4408 673 4457 i.
684 4407 724 4458 21.

485 4491 539 4557 ·(8)
559 4491 639 4542 lOor.
651 4493 676 4542 ii.
690 4496 728 4542 10.
