2730 5018
443 110 501 170 DE
522 110 665 171 PARTU
687 110 904 171 VlRGlNEO.
1215 114 1277 171 219

33 250 38 353 l
80 286 143 331 mna
155 264 267 324 obtulit.
309 267 429 325 Pietatis
441 269 539 344 specie
553 270 696 325 recusavit
709 269 806 327 Achaz
821 268 849 325 id
864 269 1017 344 postulare,
1042 278 1214 344 quapropter
1227 267 1277 327 do-

33 360 35 421 ἶ
84 380 157 425 mum
171 361 266 419 David
282 362 317 419 de
332 362 465 420 molestia
478 381 564 434 quarn
581 362 716 420 haerendo
728 375 757 420 et
771 362 925 420 dubitando
936 364 1072 421 creabant
1090 362 1165 431 Deo,
1184 364 1277 440 arguit

33 474 37 525 ;
88 464 166 521 rates,
178 466 207 512 et
220 457 337 532 signum
352 458 512 514 maximum
527 478 544 513 a
554 457 618 514 Deo
640 458 704 532 ipso
719 457 1026 515 dandumeuuntiarit:
1049 458 1200 533 “Propter
1220 458 1277 516 hoc

33 536 39 651 ἰ
90 552 152 611 dabit
162 550 307 609 Dominus
322 553 385 628 ipse
399 554 481 610 vobis
494 555 620 629 signum:
643 553 721 611 Ecce
736 555 815 629 virgo
828 554 972 629 concipiet
984 564 1013 609 et
1021 554 1110 629 pariet
1124 554 1225 620 filiurn,
1248 563 1277 611 et

33 656 35 697 ;
92 647 221 705 vocabitur
236 666 344 704 nornen
359 649 421 723 ejus
434 649 652 707 Emmanue1.”¹
673 649 842 724 Opportuna
855 658 915 706 erat
935 650 1047 706 occasio
1068 649 1226 707 dubitantes
1240 649 1277 706 ds

33 780 42 817 s
92 742 208 821 proximo
232 743 349 801 excidio
368 745 505 800 certiores
520 744 611 801 facere
628 745 715 801 filiurn
732 745 812 800 illum
827 745 923 820 stirpis
939 743 1084 802 Davidicae
1099 745 1212 802 tandem
1227 744 1276 801 ali·

91 837 189 912 qnando
205 851 368 906 venturum,
383 841 542 911 etquidem
557 860 573 897 e
586 842 674 898 castis
690 842 808 916 virginis
823 842 989 899 visceribus.
1012 843 1085 899 Rern
1100 852 1175 898 certe
1187 843 1277 898 maxi·

91 951 124 993 ne
138 933 296 991 mirandam
312 946 389 991 vates
404 954 436 991 se
452 938 598 993 enuntiare
614 937 758 1003 indicavit,
773 947 801 994 et
816 937 843 993 vi
858 937 978 1008 quadam
992 949 1021 994 et
1034 937 1166 1013 emphasi
1180 938 1276 1013 singu·

89 1033 114 1091 lis
128 1031 220 1087 verbis
241 1032 353 1088 tributa.
397 1032 488 1108 Virgo
512 1034 621 1108 igitur,⁸
635 1034 711 1091 dorni
727 1034 813 1090 veluti
835 1033 1008 1100 abscondita,
1031 1036 1061 1090 in
1082 1043 1162 1089 aetate
1183 1032 1276 1090 adhuc

87 1126 203 1204 juvenili,
220 1126 366 1201 concipiet
379 1139 408 1183 et
422 1129 514 1202 pariet
533 1128 635 1199 filiurn,
650 1129 817 1205 virginitatis
832 1127 934 1185 decore
948 1138 1070 1194 serrato,
1089 1127 1183 1184 Deum
1197 1127 1276 1185 eninr

90 1222 160 1299 parit,
176 1241 276 1280 rerum
291 1224 524 1282 Emmanuelem.
567 1225 612 1282 De
627 1227 744 1283 Messiae
759 1235 821 1283 ortu
844 1226 928 1302 plane
942 1225 1043 1301 agitur,
1068 1233 1097 1282 et
1110 1233 1277 1301 supernatu-

87 1318 141 1376 ralis
152 1319 216 1393 ejus
227 1331 385 1394 conceptus
398 1319 443 1375 affl
448 1332 536 1376 rmatu
541 1340 562 1377 r.

117 1413 269 1471 Probatur
282 1414 325 1472 II.
342 1433 379 1472 es
392 1413 532 1472 Matrtaet
545 1416 726 1474 testimonio.

117 1514 163 1566 ts.
180 1509 291 1566 Christi
302 1523 397 1568 autern
410 1513 556 1587 generatio
568 1513 610 1568 sic
625 1523 703 1569 erat:
719 1522 739 1549 ‘⁶
753 1511 829 1569 Cum
842 1522 919 1570 esset
928 1512 1098 1588 desponsata
1110 1521 1198 1569 mater
1211 1513 1275 1588 ejus

89 1607 170 1666 llaria
183 1607 307 1682 loseph,
321 1621 472 1680 antequam
484 1610 678 1676 convenirent,
691 1612 804 1666 inventa
815 1621 859 1665 est
869 1610 898 1666 in
908 1623 986 1665 utero
999 1609 1106 1666 habens
1118 1608 1153 1665 da
1165 1609 1275 1684 Spiritu

86 1703 182 1759 Sancto
183 1742 319 1760 .....
343 1702 409 1760 Hoc
423 1713 518 1760 sutem
533 1712 623 1761 toturn
639 1705 740 1761 lactum
755 1714 800 1761 est
817 1714 848 1760 ut
861 1703 1062 1779 adimpleretur
1075 1702 1152 1775 quod
1165 1702 1274 1761 dictum

88 1807 151 1855 osta
164 1795 292 1856 Domino
307 1817 358 1873 per
369 1800 537 1874 prophetam
552 1799 712 1857 dicentem:
735 1818 801 1856 ecce
816 1800 895 1875 virgo
909 1800 939 1855 in
951 1809 1031 1856 utero
1046 1799 1168 1865 habebit,
1183 1810 1212 1856 et
1225 1818 1276 1875 pa·

89 1894 132 1951 riet
143 1891 252 1949 filiurn:
274 1903 303 1948 et
316 1895 458 1950 vocabunt
480 1912 586 1951 nomen
600 1896 663 1970 ejus
678 1895 868 1952 Emmanuel:
892 1894 967 1965 quod
981 1904 1026 1950 ost
1040 1894 1272 1968 interpretaturus

92 1988 238 2048 Nobiscum
255 1989 365 2047 Deus.
389 2030 396 2046 .
420 2032 429 2047 .
451 2030 460 2047 .
482 1989 593 2064 loseph
616 2032 624 2048 .
647 2033 655 2048 .
679 2033 687 2047 .
709 2032 718 2047 .
740 2009 797 2048 non
809 1990 1001 2066 cognoscebat
1011 2008 1073 2047 eam
1085 1989 1175 2047 donec
1187 2007 1273 2064 pepe·

33 2125 36 2131 -
93 2089 122 2145 rit
130 2087 216 2144 filium
232 2105 317 2144 suum
329 2088 597 2164 primogenitum.”⁸
636 2087 821 2164 Evangelista
835 2088 926 2145 verbis
942 2087 1102 2163 perspicuis
1114 2095 1197 2162 negat
1210 2087 1274 2142 Ma·

92 2178 147 2239 riani
161 2181 249 2238 ullum
265 2200 330 2239 curn
344 2182 476 2258 Josepho
494 2183 621 2240 maritale
633 2183 766 2240 habuisse
783 2183 970 2249 consortium,
984 2191 1013 2238 et
1027 2181 1147 2238 affirmat
1160 2199 1222 2238 earn
1238 2180 1274 2237 de

94 2276 184 2351 Spiritu
200 2276 307 2333 Sancto
321 2279 499 2352 concepisse.
543 2278 576 2335 ld
591 2279 746 2354 contigisse
760 2277 836 2334 addit
860 2285 891 2334 ut
905 2277 1068 2333 vaticinium
1089 2276 1171 2333 lsaiae
1186 2275 1273 2334 adim·

37 2408 48 2441 ¹.
96 2372 213 2447 pleretur:
237 2381 410 2446 quapropter
431 2372 466 2428 dc
489 2372 552 2448 ejus
574 2373 782 2448 significatione
803 2373 926 2449 genuina
948 2370 1068 2427 dubitari
1089 2388 1147 2427 nun
1167 2380 1272 2444 potest;

33 2486 49 2536 ,ᾗ
96 2486 144 2525 narn
157 2466 338 2529 calaudantli
354 2468 529 2543 Scripturanr
543 2469 613 2525 ratio
629 2469 753 2526 vaticinii
766 2467 962 2543 impletionem
977 2466 1051 2522 clare
1073 2469 1175 2523 notat.⁴
1215 2464 1272 2521 Va·

33 2574 51 2629 'ti
96 2568 211 2643 inigitur
224 2587 257 2625 se
268 2569 386 2626 exhibet
400 2569 627 2646 interpretem,et
635 2571 783 2628 relatorem
793 2570 970 2626 revelationis
980 2569 998 2625 J
1000 2568 1110 2644 osepho
1126 2568 1161 2624 ab
1170 2567 1272 2643 angelo

95 2665 173 2721 botre:
195 2674 217 2701 ⁸⁶
229 2665 306 2737 quod
321 2666 349 2723 in
364 2665 419 2722 ea''
434 2665 563 2745 (Maria)
579 2668 602 2703 “
610 2677 706 2725 natum
721 2678 773 2733 est,
786 2666 821 2723 de
836 2666 944 2742 Spiritu
959 2666 1064 2722 Sancto
1082 2664 1172 2721 est:”⁶
1193 2676 1273 2723 etex

92 2778 132 2815 rua
142 2760 227 2816 veluti
247 2762 398 2834 sententia,
411 2771 441 2819 et
454 2772 529 2819 certa
543 2764 642 2820 notitia
655 2763 684 2820 id
704 2763 766 2839 ipse
781 2761 918 2819 affirmat:
941 2759 1017 2834 quod
1038 2758 1157 2837 proinde
1174 2759 1272 2836 negari

91 2854 184 2927 nequit,
199 2854 280 2912 salva
293 2856 355 2930 ejus
369 2857 543 2914 auctoritate.
712 2907 717 2913 .

118 2947 269 3007 Probatur
280 2948 340 3009 III.
355 2969 392 3009 ec
403 2950 577 3009 revelatione
589 2950 726 3028 angelica
736 2950 826 3029 sucta
837 2949 956 3008 [traria.

118 3049 164 3102 tt.
187 3045 261 3103 Hrec
276 3046 311 3104 ad
326 3048 463 3105 amussim
479 3047 624 3122 respondit
640 3048 720 3105 lsaiae
732 3047 876 3114 vaticinio,
886 3046 948 3103 solo
959 3044 1041 3114 lesu,
1054 3043 1207 3102 Salvaturis
1219 3049 1274 3103 sci-

85 3140 152 3207 licet,
167 3142 295 3209 nomine,
312 3161 363 3218 pro
377 3143 577 3209 Emmanuele‚
596 3143 658 3200 Deo
673 3144 833 3209 nobiscum,
848 3142 1010 3200 substituto.
1053 3151 1073 3178 ‘⁸
1084 3141 1162 3199 Eece
1180 3141 1274 3199 conci·

69 3236 139 3311 ,pies
153 3236 182 3293 in
198 3246 289 3303 utero,
315 3247 344 3294 et
368 3239 460 3312 paries
487 3239 587 3303 tilium,
613 3251 641 3295 et
655 3240 770 3295 vocabis
785 3256 887 3295 nornen
910 3238 973 3311 ejus
987 3237 1099 3293 Jssum.
1142 3236 1200 3293 Hic
1222 3236 1276 3292 erit

82 3348 207 3407 magnus,
222 3343 252 3389 et
265 3332 357 3391 Filius
372 3333 512 3391 Altissimi
524 3334 713 3391 vocabitur.”⁶
752 3333 842 3410 Virgo
854 3332 945 3389 Maria
956 3331 1020 3408 plus
1032 3330 1122 3387 semol
1134 3331 1168 3386 ab
1179 3329 1275 3389 Evau-

213 3504 220 3517 .
262 3505 302 3552 v...
348 3544 354 3557 .

33 3656 35 3663 ,
106 3508 152 3657 gl
170 3504 353 3689 ζέξέὲοὴ
364 3597 489 3659 παμὲινος.
521 3591 602 3641 “The
613 3592 697 3640 earlier
708 3591 848 3640 translatore
858 3604 924 3638 mm
935 3594 960 3637 to
971 3586 1033 3636 have
1044 3584 1150 3647 thought
1166 3583 1208 3635 the
1219 3586 1275 3636 arti·

33 3678 35 3701 ⁵
75 3698 110 3747 ele
120 3698 263 3762 pleonastic
295 3698 347 3748 But
358 3698 399 3749 tho
410 3698 546 3747 resumebas
557 3697 586 3746 oi
598 3699 657 3747 later
668 3695 820 3760 philologists
831 3696 893 3744 have
904 3694 991 3743 shown
1003 3692 1055 3741 that
1065 3691 1086 3740 it
1096 3690 1117 3741 is
1128 3706 1186 3754 very
1197 3692 1276 3756 rnrsly

74 3785 143 3840 such,
152 3784 249 3845 tltough
261 3784 292 3833 its
303 3801 374 3833 ronse
383 3793 476 3833 annot
487 3785 578 3847 always
592 3785 622 3831 be
633 3782 768 3846 erpressad.
802 3782 868 3830 Here
876 3780 895 3829 it
905 3781 928 3831 is
936 3780 998 3830 used
1007 3775 1068 3833 κατ’
1077 3774 1171 3846 ἐξοχὴν,
1180 3776 1228 3827 ttnd
1236 3776 1277 3826 dc·

75 3878 143 3921 nm
159 3878 200 3926 (as
210 3869 254 3918 Dr.
265 3869 345 3918 Owen
356 3869 404 3919 aud
416 3868 510 3933 Bishup
522 3868 656 3917 Middlstun
666 3868 779 3924 observo)
793 3867 845 3916 that
852 3851 996 3933 perticulur
1006 3863 1086 3928 virgin
1094 3864 1151 3913 who
1160 3878 1210 3912 was
1222 3876 1276 3926 pro-

75 3952 171 4019 phssicd
181 3954 211 4002 of
217 3952 280 4002 from
291 3952 332 4002 tho
343 3953 485 4018 beginmng,
494 3952 541 4004 aud
552 3952 634 4002 whose
644 3953 701 4003 seed
709 3969 760 4002 was
770 3960 795 4002 tc
807 3951 887 4001 bruise
895 3950 937 4002 tha
945 3948 1063 4016 serpent's
1072 3946 1161 4001 head?
1178 3947 1279 3999 Btoom.

77 4038 132 4091 fistal
142 4039 169 4089 in
181 4038 242 4087 Μαι
253 4038 270 4087 'a
281 4040 323 4087 22.

110 4124 149 4183 (³)
165 4122 266 4180 naut
281 4124 322 4174 ts„

109 4206 154 4273 (t)
173 4204 239 4255 rsa
249 4204 444 4270 norimberg,
456 4204 622 4272 Christum
631 4206 677 4255 rol,
689 4205 706 4255 i.
718 4221 741 4272 p.
753 4206 812 4255 ³2⁸.

82 4288 88 4295 '
109 4293 152 4356 (5)
170 4288 269 4341 Μιιιὶ.
280 4293 323 4346 20,

109 4374 153 4445 (θ)
169 4374 232 4433 boc
242 4375 260 4429 t
270 4377 312 4433 tt

1104 4372 1284 4536 p.
