2744 5024
80 281 137 340 1⁰2
346 276 404 341 DE
423 275 525 341 Jttsn
546 272 720 335 CHRISTI
740 273 1010 345 otvtrtrrtm

77 443 204 515 rogetus,
217 431 295 494 idem
308 436 455 512 professus
468 446 533 504 eet3
556 442 576 471 ‘⁴
585 431 671 490 credo
685 433 791 493 Filium
807 435 864 494 Dei
876 455 944 496 essa
965 438 1073 499 Jesrrm
1086 437 1279 501 Christum*

79 530 177 600 ouum
190 546 292 590 omae·
312 530 371 591 ou
383 533 506 592 aarum
520 540 549 589 o
562 529 662 588 amur
680 529 733 587 fini
750 530 807 589 nn
820 531 995 602 ammas,
1008 535 1091 594 nur·
1103 522 1228 614 sparso
1245 556 1279 597 r·

78 625 219 686 relatione
232 643 307 704 opus
320 626 374 686 suit
385 638 418 687 ut
429 628 532 688 Petrus
546 626 647 686 Jeaum
663 625 756 684 filium
770 626 827 685 Dei
839 629 967 697 haberet,
979 631 1026 689 rel
1040 632 1091 690 alii
1105 650 1178 693 etur
1190 635 1279 713 sicqt

77 720 233 800 pellerent:
260 723 421 784 sublimiori
442 725 528 801 igitur
548 739 646 789 seusu,
671 723 789 798 proprio
810 736 840 782 et
859 727 970 793 stricto,
991 726 1086 786 tenus
1110 729 1209 789 filius
1231 730 1279 790 oo

76 815 170 877 dietus
183 820 385 887 utbaurans
398 830 428 878 et
441 816 699 885 consubstantialis,
713 836 780 876 vere
793 839 810 878 a
825 818 888 878 Deo
903 821 991 881 Patre
1003 824 1136 899 gmitux.
1177 827 1212 884 Si
1231 844 1279 902 pru

76 914 313 990 praeuntis-imo
327 924 435 974 tantum
451 928 514 972 rste
527 913 662 972 divinitus
678 912 770 972 misso
783 933 842 973 vox
854 929 1028 989 numeretur,
1042 936 1079 976 ea
1099 920 1279 998 adjunges&

77 1008 240 1069 omerio
261 1023 341 1071 eraut
362 1029 426 1084 que
450 1010 662 1087 ambiguitatem
686 1009 826 1076 tollerent,
848 1022 878 1068 et
898 1011 1029 1071 latiorem
1055 1014 1143 1075 illurn
1169 1022 1279 1079 amun

77 1102 194 1165 robusti
207 1106 409 1174 ostenderent,
424 1124 512 1179 quum
527 1117 651 1165 econtra
661 1103 748 1162 veluti
763 1107 934 1180 mysterium
947 1107 1123 1169 altissimum
1138 1131 1158 1169 a
1170 1106 1279 1176 mali

78 1200 288 1271 abnuentium,
304 1212 333 1261 et
344 1200 459 1260 nonnisi
470 1219 511 1259 ex
524 1201 697 1258 revelatione
711 1201 906 1270 innotescens,
920 1218 1112 1279 proponatur.

118 1298 168 1355 to.
190 1296 278 1357 Fides
291 1296 354 1357 hec
369 1298 397 1357 iu
413 1296 600 1374 Unigenitum
622 1297 728 1355 Filium
751 1297 806 1357 Dei
821 1309 965 1372 tamquam
980 1306 1148 1361 maana
1160 1303 1197 1361 ad
1210 1304 1279 1363 ula

79 1399 137 1449 tem
151 1389 277 1451 conditio
297 1392 481 1469 exigebatur:
503 1392 592 1458 “Qui
605 1386 695 1453 credit
709 1392 739 1449 in
760 1411 837 1460 eum,
853 1413 912 1452 non
927 1395 1097 1471 judicatur:
1119 1399 1174 1470 qui
1189 1410 1279 1459 auten

78 1500 137 1543 oon
151 1483 252 1555 emoti,
267 1485 329 1563 jam
343 1485 488 1563 judicatus
502 1496 565 1553 est3
587 1487 653 1559 quia
674 1505 732 1544 uon
746 1488 836 1546 credit
848 1489 878 1546 in
900 1490 1017 1548 nomine
1039 1491 1198 1568 Unigeniti
1217 1493 1279 1553 Filii

79 1578 184 1641 Dei.’'¹
200 1576 290 1649 “Qui
304 1581 393 1640 credit
406 1582 436 1642 in
450 1583 567 1650 Filium,
579 1581 665 1640 habet
677 1582 763 1641 vitam
777 1596 912 1642 eternam
923 1604 932 1640 ε
945 1586 994 1658 qui
1008 1597 1107 1645 autem
1118 1587 1279 1647 incredulus

78 1684 125 1735 ext
146 1673 232 1745 Filio,
246 1694 305 1736 non
319 1676 426 1736 videbit
446 1678 543 1744 vitan,
558 1676 609 1734 sed
630 1677 671 1734 ira
692 1676 748 1736 Dei
763 1671 866 1735 manet
878 1697 966 1754 super
986 1680 1105 1743 eum.”⁸
1146 1683 1278 1741 Christus

77 1769 164 1833 fidem
178 1791 196 1833 t
210 1792 287 1837 eaeeo
300 1785 399 1833 sanato
412 1774 523 1851 exegit:
548 1782 567 1810 ⁸⁶
578 1774 625 1831 'l'u
640 1773 733 1831 credis
747 1774 776 1831 in
791 1774 898 1833 Filium
916 1775 970 1833 Dei
981 1775 1016 1833 l'’
1041 1817 1050 1835 .
1073 1818 1082 1834 .
1107 1819 1116 1834 .
1139 1787 1161 1816 ‘⁸
1175 1778 1277 1846 emto,

80 1867 217 1937 Domine,
231 1881 260 1929 et
272 1867 424 1947 procidens
442 1867 568 1927 adoravit
581 1867 694 1927 eum.”⁴

118 1961 272 2025 Probatur
302 1961 370 2022 VII.
391 1963 570 2024 testimoniis
594 1981 660 2040 que
681 1961 788 2021 ,lesum
814 1962 970 2023 Christum
991 1963 1186 2026 adoratorium
1207 1986 1279 2033 ram·

78 2059 230 2122 mmdant.
1120 2062 1124 2075 “

119 2157 169 2215 76.
193 2154 263 2215 Ideo
279 2155 420 2233 judicium
436 2175 453 2214 e
466 2155 550 2215 Patre
565 2156 593 2213 ei
614 2155 803 2214 commissum
816 2155 930 2224 dicitur,
946 2167 966 2193 “
978 2169 1010 2215 ut
1023 2176 1128 2217 omnes
1149 2159 1279 2219 honorio·

80 2260 146 2311 cent
158 2249 276 2321 Filium,
291 2253 365 2311 sicut
384 2252 574 2311 honorificant
588 2251 743 2310 Patrem:”
772 2256 813 2306 lm
831 2253 922 2315 πάντες
942 2258 1034 2322 τιμῶσι
1051 2262 1097 2310 τὸν
1118 2253 1187 2317 uite,
1203 2263 1279 2320 nater

78 2351 168 2417 τιμῶσι
179 2356 222 2404 ror
233 2349 355 2418 rtorlpe,⁸
374 2347 414 2407 Ei
422 2366 523 2406 omnes
533 2347 664 2410 homiues
674 2358 705 2405 et
713 2348 829 2424 angelos
841 2348 948 2407 cultum
960 2359 1096 2426 prestare
1107 2349 1179 2410 dicit
1189 2353 1279 2428 Apos-

79 2443 154 2505 tolus
165 2462 173 2502 t
185 2446 257 2499 lustu
274 2461 309 2500 ro
317 2443 620 2514 iripurt'lneoueurpiru
627 2442 714 2513 κάμῃ
722 2441 864 2512 temonem
872 2445 1085 2516 redimissent*
1093 2445 1279 2513 mazzonius-¹

80 2539 224 2599 Creaturae
239 2539 419 2614 quantumvis
434 2538 578 2615 praestanti
592 2540 698 2597 cultum
715 2540 749 2596 ab
764 2539 896 2596 omnibus
908 2541 1069 2598 celestibus
1079 2543 1242 2618 spiritibus,
1252 2553 1279 2601 et

79 2648 169 2705 terre,
184 2649 213 2696 et
226 2637 379 2696 inferorum
396 2635 508 2704 incolis,
523 2635 647 2694 dandum
663 2655 746 2694 nemo
761 2636 843 2694 facile
857 2636 963 2706 credet,
979 2657 1068 2710 quum
1090 2639 1175 2698 Deus
1190 2641 1278 2700 dicat:

79 2743 98 2772 ⁶·
110 2732 229 2812 gloriam
246 2750 338 2792 meam
350 2731 428 2790 alteri
445 2751 502 2791 non
514 2732 587 2790 dabo
600 2732 645 2790 :⁵⁹⁷
680 2732 798 2790 Cultum
814 2743 907 2790 sutem
920 2751 1066 2792 summum
1077 2753 1154 2810 genu
1168 2737 1279 2796 flecten-

78 2830 108 2889 di
123 2830 219 2909 phrasi
236 2830 267 2889 in
281 2829 435 2906 scripturis
451 2829 593 2905 designari
614 2840 718 2887 norunt
731 2847 852 2894 omnes;
873 2831 1003 2901 namqui
1027 2839 1047 2865 ‘⁸
1058 2849 1118 2890 non
1144 2851 1278 2891 curvare·

79 2936 144 2984 runt
158 2943 250 3002 genua
266 2935 329 2982 ante
344 2923 436 2982 Baal'’
450 2923 607 2981 idololatria
624 2924 767 2981 immunes
782 2924 1000 2999 intelliguntur.⁸
1040 2925 1126 2991 Quod
1141 2941 1236 2986 autem
1247 2928 1279 2986 oh

29 3006 35 3021 ’
78 3019 305 3079 humiliationem
331 3017 468 3074 colendus
484 3017 602 3084 dicatur,
618 3018 833 3093 intelligendum
848 3030 892 3075 est
913 3018 948 3076 de
969 3038 1107 3094 supremo
1128 3023 1209 3080 cultu
1231 3024 1279 3083 hc·

78 3131 168 3174 mane
182 3112 292 3169 Christi
304 3120 419 3179 nature,
432 3126 570 3184 quatenus
582 3113 612 3169 in
623 3112 720 3170 divina
733 3114 819 3171 Verbi
829 3133 954 3190 persona
964 3116 1106 3184 subsistit,
1119 3119 1278 3186 tribuendo,

41 3254 46 3261 ,
78 3227 134 3282 qua
148 3207 234 3264 veluti
249 3207 445 3281 compensatio
460 3207 540 3264 fieret
554 3219 668 3284 propter
683 3228 823 3266 aerumnas
835 3220 992 3268 etmortem
1007 3231 1014 3268 ι
1031 3222 1174 3283 quatenus
1186 3226 1278 3273 autem

77 3303 204 3363 Verbum
220 3311 288 3369 erat,
303 3301 356 3358 suit
370 3312 460 3368 antea,
476 3313 575 3375 estque
590 3323 714 3380 semper,
730 3306 759 3363 in
776 3305 869 3363 forma
883 3305 949 3373 Dei,
965 3308 1068 3379 aequaii
1089 3307 1204 3368 honore
1223 3311 1279 3388 dig·

77 3407 171 3467 natus,
186 3407 215 3456 et
229 3396 346 3474 gloriam
362 3397 436 3474 apud
454 3399 564 3457 Patrem
580 3411 644 3458 ante
659 3401 916 3460 conditum-orbem
932 3403 1051 3459 hahens.

117 3501 166 3556 77.
189 3493 292 3552 Cultus
308 3493 354 3553 ille
370 3495 405 3552 ab
419 3496 526 3572 angelis
547 3497 696 3572 speciatim
717 3496 894 3573 prestandus
909 3497 1030 3555 dicitur:
1054 3484 1073 3534 ‘3
1084 3498 1127 3558 Et
1149 3519 1218 3560 cum
1232 3501 1279 3560 ite·

77 3612 140 3653 rum
157 3589 309 3651 introducit
323 3590 544 3669 primogenitum
557 3593 587 3650 iu
600 3593 697 3650 orbem
709 3601 798 3660 terrae,
811 3592 896 3650 dicit:
920 3593 960 3650 Et
970 3593 1088 3651 adorent
1099 3612 1167 3653 eum
1180 3615 1278 3655 omnes

114 3802 155 3866 (l)
176 3800 231 3849 Act.
240 3798 290 3866 viii.
302 3802 343 3849 ³7.

111 3888 149 3948 (2)
167 3884 239 3934 loen.
250 3884 284 3935 iii.
298 3888 337 3935 ts.

26 3982 32 3991 ·
112 3972 155 4037 (a)
174 3969 344 4020 rosarias.
662 4016 668 4022 .

112 4056 154 4120 (4)
174 4054 246 4104 loen.
257 4053 293 4102 ix.
304 4055 345 4102 ³5.
357 4055 397 4102 38.
415 4052 479 4102 Vide
491 4053 618 4102 Petavium
629 4054 660 4103 ‹le
671 4053 791 4104 Trinitute
802 4054 818 4104 l.
830 4052 860 4103 11.
872 4069 892 4102 c.
905 4053 948 4102 xii.
960 4057 974 4113 ᾗ
987 4053 1031 4102 xii.
1090 4092 1093 4097 .

113 4139 142 4201 (b
174 4136 247 4186 loun.
261 4136 338 4184 ew.

113 4222 142 4285 (6

144 4223 155 4287 )
176 4219 238 4270 Phil.
250 4217 275 4267 ii.
289 4220 327 4267 10.

114 4305 155 4370 (7)
174 4303 242 4353 Iseite
254 4301 305 4352 xlii.
315 4305 339 4350 8.

45 4447 47 4452 ,
114 4388 156 4452 (8)
174 4393 306 4456 lipparam
316 4386 373 4456 piru
381 4398 452 4452 genu
457 4382 565 4451 flectes,
576 4400 677 4435 summe
689 4386 845 4452 subjectionis
857 4395 882 4438 et
897 4387 1035 4437 reverentie
1046 4387 1154 4450 signum,
1164 4387 1190 4439 h.
1201 4390 1217 4439 t
1228 4395 1277 4440 ert:

77 4469 213 4539 subjectum
224 4489 274 4526 erse
285 4479 416 4542 tamquam
427 4469 535 4532 domino,
546 4487 604 4524 eum
615 4472 713 4524 adorare
723 4481 749 4524 et
756 4475 842 4535 colere,
853 4481 882 4526 ut
892 4473 974 4525 smum
984 4489 1008 4526 r.
1018 4473 1043 4525 ii
1055 4475 1215 4542 explicatur.”
1232 4475 1277 4525 Ro·

79 4559 210 4608 senmuller
221 4567 247 4611 in
260 4562 305 4612 loc.
