2744 5024
408 290 463 350 DE
485 290 683 349 PECOATO
704 288 901 351 onustum.
1218 290 1259 354 ts

82 457 205 526 peccatam
217 465 237 504 a
252 447 348 522 primo
365 447 480 504 homine
497 445 666 514 admissum,
682 414 759 520 quod
779 448 831 506 toti
851 448 977 508 humano
991 450 1089 527 generi
1103 468 1257 535 qommune

43 590 47 597 .
83 543 221 600 habebatur.
1113 546 1117 551 '

112 629 166 695 tas.
187 635 257 714 obj.
271 640 300 693 6.
311 634 390 692 Inter
399 635 539 691 adamum
550 646 579 690 et
589 633 738 709 Christum
748 636 893 711 oppositio
904 637 1092 712 potiusquam
1103 638 1260 697 similitudo

83 732 211 808 nperitur:
234 732 265 788 iu
280 750 314 787 eo
329 743 423 788 autem
444 731 620 805 comparatio
642 731 677 787 ab
692 731 832 807 Apostolo
853 733 984 790 instituta
999 734 1167 800 continetur,
1183 732 1260 806 quod

85 827 281 901 sumpsimus
297 826 425 882 homost
439 837 581 900 peccator,
596 825 647 882 toti
662 826 788 883 humano
802 827 901 901 generi
916 827 1054 904 exemplo
1067 847 1121 885 suo
1133 839 1163 884 et
1175 828 1260 904 culpa

46 900 50 911 ⁵
84 923 144 981 inerit
154 922 288 998 peccandi
302 921 432 979 occasio:
450 921 584 977 Christus
599 931 694 979 autem
708 923 850 979 universis
863 922 904 981 illi
918 923 1097 982 credentibus
1113 924 1151 980 sit
1159 925 1257 1000 gratias

85 1017 338 1075 usalutisauctor„²
411 1055 412 1058 =
671 1018 674 1023 ’
861 1028 870 1042 “

117 1115 170 1168 ms.
191 1111 283 1188 Resp.
307 1112 350 1170 Rs
364 1110 480 1183 quidem
493 1129 562 1168 vera
576 1112 600 1168 si
624 1111 714 1170 Adam
737 1114 820 1171 nobis
837 1114 952 1171 nonnisi
967 1114 1101 1190 exemplo
1122 1116 1259 1183 nocuerit,

86 1205 158 1264 dcent
177 1207 394 1265 solidamentum
418 1209 625 1282 comparationi
646 1227 733 1280 quam
754 1208 827 1267 adeo
848 1209 999 1286 diligenter
1026 1222 1192 1286 persecutus
1217 1222 1260 1269 est

87 1305 236 1379 Apostolus:
259 1314 436 1380 quapropter
455 1305 560 1361 mirum
576 1323 633 1362 non
654 1316 698 1362 est
710 1324 761 1362 eos
777 1308 826 1378 qui
840 1308 959 1383 originis
974 1318 1122 1383 peccatum
1144 1319 1259 1384 negant,

89 1399 168 1456 aulam
188 1400 246 1456 scre
268 1399 497 1465 similitudinem,
520 1400 564 1456 vel
584 1399 792 1468 leuissimom,¹
814 1420 979 1477 agnoscere.
1029 1403 1261 1480 Disputationena

89 1493 168 1554 idcirco
180 1498 248 1554 satis
261 1498 412 1554 obscuram
425 1496 494 1553 dicit
505 1495 717 1564 Rosenmiiller,
728 1499 899 1573 Apostolum
910 1498 945 1556 ad
956 1509 1082 1557 mentem
1093 1499 1260 1558 ludaeorum

89 1589 147 1662 ioqui
159 1593 326 1668 intelligens.
372 1591 518 1648 Castorum
531 1591 581 1648 lux
593 1592 685 1667 fulget
695 1593 867 1659 clarissima,
879 1605 908 1651 et
919 1594 1076 1652 similitudo
1091 1605 1177 1670 patet,
1192 1595 1260 1672 dog·

89 1694 143 1740 uate
150 1685 327 1743 haereditariae
339 1703 423 1743 noxae
435 1685 572 1751 admisso;
588 1687 749 1744 sicutenim
762 1686 853 1744 Adam
869 1690 955 1746 unico
966 1708 1019 1747 suo
1033 1698 1099 1746 actu
1113 1708 1144 1746 se
1159 1699 1262 1748 totum·

90 1795 130 1848 que
140 1800 223 1856 genus
244 1781 403 1838 humanum
418 1781 496 1837 omni
518 1780 595 1836 dono
609 1781 745 1854 praeclaro
760 1783 855 1856 gratio
876 1783 1030 1858 spoliatum
1045 1784 1170 1854 reliquit,
1184 1783 1262 1841 unde

91 1871 155 1939 litut
166 1885 303 1948 quotquot
316 1877 349 1931 ab
364 1894 399 1931 eo
414 1883 480 1932 sunt
491 1874 646 1949 progeniti,
662 1875 724 1949 ejus
741 1885 887 1931 teneantur
901 1873 1015 1942 delictm
1031 1877 1069 1932 ita
1085 1886 1113 1932 ct
1127 1876 1262 1932 Christus

89 1970 157 2026 murel
167 1990 197 2027 se
211 1972 307 2028 oblato
320 1971 453 2029 humanm
468 1987 527 2025 suae
542 1977 648 2025 nature
663 1969 781 2044 gloriam
797 1969 968 2044 promeritus
983 1980 1035 2035 est,
1051 1970 1178 2027 humano
1193 1969 1260 2027 vend

91 2065 165 2134 generi
176 2067 292 2141 gratiam
307 2075 335 2122 et
354 2065 487 2130 salutem,
500 2064 584 2138 cujus
604 2075 673 2120 sunt
692 2065 845 2140 participes
859 2077 1000 2137 quotquot
1014 2066 1055 2123 illi
1076 2066 1106 2123 in
1121 2066 1264 2142 baptismo

91 2174 256 2230 uincuntur,
272 2175 299 2219 et
313 2161 369 2218 fide
381 2174 410 2218 et
423 2161 574 2217 dilectione
590 2159 743 2218 adnaerenr.
784 2161 871 2220 Juxta
885 2163 1033 2220 Ermeniae
1047 2163 1125 2239 leges
1138 2181 1173 2219 ea
1186 2172 1262 2220 certe

89 2266 123 2309 est
137 2258 305 2332 preferenda
326 2256 529 2332 interpretatio,
544 2273 608 2326 quae
627 2256 712 2312 seriei
733 2258 869 2315 orationis
890 2260 1034 2327 convenit,
1050 2269 1078 2316 st
1097 2277 1154 2332 qua
1168 2260 1262 2335 posita

88 2351 183 2428 scriptor
195 2373 276 2412 sacer
289 2355 383 2411 inania
398 2354 483 2409 verba
499 2351 648 2426 protulisse
664 2371 721 2409 non
737 2352 887 2411 videbitur.
902 2348 904 2351 ’

120 2451 172 2508 130.
196 2450 265 2528 obj.
280 2456 309 2509 7.
332 2450 414 2506 Sicut
429 2448 562 2504 Christus
576 2447 697 2504 salntem
711 2467 769 2505 non
788 2449 891 2516 attulit,
905 2450 962 2507 nisi
977 2451 1012 2508 iis
1027 2451 1077 2523 qui
1091 2469 1157 2508 eum
1172 2450 1262 2509 salva·

89 2546 156 2603 torem
174 2558 335 2623 agnoscunt
346 2556 377 2603 et
396 2544 453 2602 lide
474 2544 691 2618 amplectuntur,
706 2545 745 2601 ita
765 2564 818 2603 nec
833 2546 925 2604 Adam
948 2548 1077 2605 interitus
1099 2535 1262 2616 fuitcausa,

35 2660 40 2737 q
88 2635 130 2695 uisi
141 2641 170 2698 iis
186 2644 315 2715 quicum
331 2640 476 2718 peccando
496 2639 650 2696 imitantur.
694 2641 793 2712 AEque
813 2641 975 2699 extenditur
988 2643 1065 2701 salus
1079 2653 1108 2700 et
1121 2643 1261 2700 interitus:

88 2732 178 2796 “Sicut
195 2740 226 2796 in
247 2738 341 2795 Adam
364 2755 465 2794 omnes
489 2735 656 2800 moriuntur,
670 2735 709 2790 ita
731 2744 760 2791 et
778 2735 809 2793 in
824 2735 942 2794 Christo
962 2754 1062 2794 omnes
1080 2737 1263 2794 vivificabun-

44 2838 51 2851 Ι
87 2831 159 2886 tur-”3

120 2931 174 2986 1³1.
194 2929 286 3006 Besp.
303 2929 488 3004 Comparatio
497 2949 554 2989 uon
564 2925 809 3007 exigitutsingala
818 2925 851 2982 ad
862 2924 999 2983 amussim
1011 2941 1047 2982 ex
1057 2932 1174 2998 utraque
1185 2933 1264 3002 parte

84 3027 252 3084 tantoniam:
284 3027 355 3083 satis
383 3038 429 3083 est
455 3028 532 3085 enirn
560 3029 703 3104 insignem
731 3023 1007 3095 aliquam·existcre
1034 3021 1260 3082 similitudinem.

87 3107 195 3177 Prosectd
211 3119 348 3176 Christus
366 3138 470 3177 omues
490 3138 545 3177 suo
558 3121 698 3195 sauguine
719 3116 849 3183 redemit,
864 3133 937 3187 quos
958 3114 1051 3173 Adam
1066 3120 1119 3172 suo
1132 3116 1264 3189 inquina-

86 3222 145 3272 verat
154 3226 283 3292 peccato,
291 3216 499 3292 copiosamque
508 3216 586 3274 dedit
597 3214 834 3291 redemptionem,
844 3212 927 3288 cujus
935 3212 1008 3269 fiunt
1017 3212 1168 3288 participes
1184 3223 1265 3285 quot·

64 3379 68 3385 .
83 3318 139 3372 tuot
149 3312 177 3368 in
191 3329 227 3369 so
241 3321 447 3368 renascuntur:
469 3309 524 3367 sed
537 3328 628 3381 quum
647 3307 804 3385 spiritualis
824 3305 956 3369 consitas
978 3324 996 3362 a
1009 3306 1127 3363 naturali
1141 3305 1263 3376 differat,

83 3388 217 3475 requiritur
232 3406 263 3462 in
276 3404 378 3462 adultis
393 3403 476 3471 tides,
491 3423 627 3462 unacum
648 3405 711 3460 aliis
726 3401 814 3459 animi
835 3399 1081 3475 dispositionibus,
1096 3401 1193 3460 attilii
1207 3400 1265 3458 Dei

81 3494 135 3558 ⁸t‘trt.
169 3501 315 3558 ecorum
331 3500 359 3557 vi
373 3499 450 3556 illius
464 3501 564 3557 mortis
578 3499 682 3557 sactum
697 3507 742 3554 est
754 3505 786 3553 ut
798 3494 925 3552 universi
939 3511 1055 3568 prorsus
1070 3495 1212 3562 homines,
1226 3513 1265 3554 ne

81 3597 195 3670 reprobis
210 3595 284 3670 ipsis
306 3594 444 3669 exceptis,
459 3595 642 3652 resurrecturi
654 3593 723 3660 sint,
739 3589 810 3648 adeo
831 3598 862 3645 ut
874 3586 923 3644 laic
934 3585 1055 3645 effectus
1074 3596 1266 3663 aequspateat

78 3700 105 3744 sc
122 3708 211 3757 mors,
234 3707 309 3762 quas,
334 3688 396 3747 Ada
419 3698 567 3763 peccante,
590 3697 680 3747 toturn
705 3703 797 3763 genus
819 3683 977 3741 humanum
1000 3681 1162 3749 obstrinxit
1187 3681 1267 3754 quod

79 3779 223 3858 Apostolus
236 3783 351 3858 objecto
371 3781 436 3840 loco
451 3781 563 3840 tradita
578 3780 754 3848 “Quoniam
769 3777 886 3849 quidem
908 3792 960 3850 per
973 3774 1120 3833 hominem
1134 3794 1222 3842 mors,
1237 3785 1267 3834 et

79 3888 120 3946 tter
132 3876 282 3936 hominem
302 3877 472 3934 resurrectio
491 3886 678 3934 mortuorum.
721 3872 761 3929 Et
780 3871 855 3927 sicut
867 3869 899 3926 in
919 3865 1012 3925 Adam
1026 3884 1127 3925 omncs
1141 3870 1267 3929 moriun-

78 3979 122 4041 ttu,
136 3972 176 4031 ita
190 3984 220 4030 ct
236 3972 264 4028 in
277 3970 395 4028 Christo
410 3989 511 4042 omues
524 3964 773 4028 vivificabuntur-fl
1240 4011 1242 4016 .

47 4142 53 4149 ⁸
91 4105 94 4139 ;
112 4071 178 4126 1³2.
205 4066 272 4145 otj.
287 4071 316 4124 8.
327 4066 567 4134 QuumJulicuus
580 4064 740 4122 Cassianus
751 4059 866 4136 nuptias
878 4056 970 4117 malas
980 4054 1154 4134 praedimret,
1164 4064 1268 4115 etcae-

79 4162 202 4221 eandam
223 4162 448 4239 generationem,
469 4160 607 4218 Clemens
628 4156 839 4218 Alexandrinus
859 4154 897 4223 ci,
912 4153 1076 4215 testimonia
1089 4169 1152 4228 quas
1174 4151 1269 4212 labem

402 4350 446 4417 (l)
465 4350 530 4400 Vide
541 4348 726 4399 Barnesiumin
737 4349 785 4399 loe.

403 4437 442 4499 (t)
460 4435 633 4485 Rosenmi‘allsr
643 4434 671 4484 in
682 4435 728 4485 loc.

404 4520 442 4581 (8)
462 4521 475 4567 l
490 4517 548 4567 Gor.
559 4532 601 4568 xv.
612 4519 654 4566 22.

192 4600 267 4661 Vos.
283 4599 385 4693 lif—d
