2744 5024
338 108 395 169 DE
418 108 571 169 TRIBUS
592 109 639 169 IN
660 109 746 170 DEO
767 106 983 171 Passurus,
1195 112 1251 166 let

10 270 20 285 '
96 263 208 322 sannam
221 262 346 323 ditinum
360 265 575 334 refertum-adeo
589 277 621 324 ut
633 265 695 326 hmo
716 265 876 326 necessarii
898 265 1034 324 subsistat
1052 265 1083 321 in
1104 263 1199 332 Patre,
1222 274 1251 322 et

93 354 150 428 laio,
161 369 186 417 et
194 360 301 436 Spiritu
312 360 429 420 Sancto.
451 363 591 421 Accurate
602 374 630 421 st
642 364 781 441 profunde
794 365 988 441 Augustinus:
1005 372 1025 401 ¹⁴
1036 362 1071 421 ln
1080 362 1145 421 Deo
1156 371 1249 421 sutsrn

91 452 137 512 nibil
148 454 256 528 quidem
271 456 430 515 secundum
446 457 579 516 accidens
592 458 704 528 dicitur,
714 461 781 533 quia
795 459 866 518 nibil
881 461 911 517 in
922 478 958 517 ec
972 457 1105 517 mutabile
1120 468 1181 515 est:
1196 474 1250 516 nec

21 596 26 603 .
87 559 151 609 nasu
162 570 245 610 omne
260 552 337 624 quod
351 553 455 613 dicitur
470 555 629 614 seeundum
642 558 828 616 substantiam
844 556 955 615 dicitnr.
997 556 1110 615 Dicitur
1121 556 1200 614 enim
1214 555 1250 613 ad

83 644 169 720 siquid,
181 647 255 706 sicut
268 648 354 708 Pater
367 649 400 708 ad
416 651 534 720 Filium,
549 661 578 709 et
591 651 684 711 Filius
698 651 734 710 ad
748 654 873 722 Patrem,
886 651 964 726 quod
975 670 1031 710 non
1043 661 1088 710 est
1098 650 1229 709 accidens
1239 652 1254 708 s‘

81 743 124 814 qnia
135 753 161 803 et
173 745 221 803 ille
235 764 350 823 semper
364 746 467 816 Filius,
483 757 511 805 et
525 767 582 807 non
597 749 636 807 ita
650 767 766 826 semper
781 750 862 823 quasi
873 768 911 808 ex
925 767 982 822 quo
995 759 1078 807 natus
1092 757 1136 806 sat
1146 747 1249 815 Filius,

8 832 11 839 '
78 850 135 899 tter
147 859 181 900 eo
195 841 274 915 quod
287 862 444 916 numquam
459 844 570 902 desinat
583 864 647 904 csse
663 847 765 916 Filius,
778 847 864 905 Pater
872 865 931 905 non
944 845 1055 904 desinat
1065 863 1130 903 esse
1145 845 1248 911 Pater3

76 933 108 991 ttd
119 953 153 993 er
166 955 202 995 eo
216 936 293 1010 quod
316 956 431 1014 semper
445 950 526 998 natus
541 950 585 998 est
604 941 707 1010 Filius,
722 960 776 1000 nec
800 942 888 1018 coepit
909 959 1043 1014 umquam
1059 956 1123 997 esse
1146 938 1247 996 Filius.

73 1027 173 1095 drodsi
188 1032 342 1106 aliquando
363 1052 428 1091 esse
443 1036 590 1111 cupisset,
605 1046 652 1094 aut
665 1037 818 1112 aliquando
842 1055 908 1095 esse
921 1035 1066 1094 desineret
1087 1034 1189 1101 Filius,
1204 1050 1248 1090 se-

71 1125 172 1184 nodum
187 1127 320 1186 assidens
334 1128 522 1188 diceretur.”²

95 1227 157 1281 1²³.
182 1221 249 1302 Obj.
268 1228 316 1282 idn
337 1224 382 1283 De
396 1224 577 1285 distinctione
591 1228 665 1286 inter
673 1238 802 1287 naturam
812 1227 1066 1287 etsubsistcntiarn
1077 1226 1142 1284 silet
1151 1224 1249 1300 Serip-

66 1324 121 1384 trra,
136 1336 189 1377 nec
202 1319 327 1396 explicat
340 1321 491 1380 relationes
507 1322 609 1390 Patris,
624 1334 652 1381 st
666 1323 743 1391 Filii,
759 1335 794 1382 et·
805 1324 928 1401 Spiritus
944 1323 1058 1390 Sancti3
1074 1321 1250 1396 quaomnia

61 1410 122 1472 adeo
143 1415 291 1474 enucleate
316 1417 451 1475 evolvunt
472 1418 627 1496 Theologi,
643 1431 673 1478 ut
699 1420 803 1498 dogma
823 1421 859 1478 de
884 1420 949 1479 Deo
963 1421 1037 1479 trino
1058 1417 1247 1491 undequaque

61 1515 189 1568 tueantur.

94 1611 157 1666 134.
176 1606 268 1687 Rem.
290 1609 416 1679 Patrem,
432 1609 549 1678 Filium,
565 1619 593 1667 et
608 1610 747 1686 Spiritum
763 1611 913 1678 Sanctum,
928 1628 1017 1667 unum
1040 1609 1135 1667 Deum
1150 1606 1246 1680 Scrip-

56 1708 119 1760 tura
131 1703 295 1780 praedicant,
318 1705 495 1782 plurimaque
516 1706 628 1764 tradunt
649 1724 721 1780 quae·
736 1705 770 1763 ad
796 1705 946 1763 relationes
961 1722 1148 1781 personarum
1163 1701 1247 1777 perti·

53 1808 135 1856 nent:
155 1799 202 1857 bis
215 1801 319 1868 innixi,
345 1802 570 1874 certissimisque
592 1801 695 1858 divina
722 1801 880 1859 traditionis
894 1799 1084 1866 documentis,
1103 1797 1247 1873 Theologi

52 1888 154 1971 dogma
165 1905 288 1954 tuentur.
331 1897 360 1954 N
362 1915 399 1955 on
411 1907 456 1955 est
466 1896 755 1973 antemerigendum,
766 1908 796 1954 ut
810 1896 1006 1955 distinctiones
1019 1912 1090 1968 quas
1102 1893 1246 1957 adhibent,

50 1986 90 2047 ad
102 1990 217 2049 subtiles
233 1991 431 2052 hereticorum
446 1994 705 2070 argumentationes
720 1991 879 2061 diluendas,
894 1992 967 2069 ipsis
988 1991 1082 2048 verbis
1103 1990 1133 2048 in
1149 1989 1246 2064 Scrip-

10 2126 16 2153 ,
51 2084 121 2142 turis
134 2087 330 2146 enuntientur.

94 2184 157 2240 13⁶.
183 2181 316 2261 onj..14.
339 2182 387 2242 Ex
406 2182 540 2260 dogmate
560 2183 720 2252 Trinitatis,
735 2193 820 2260 prout
841 2181 1037 2242 acatholicis
1062 2193 1182 2250 tenetur,
1203 2199 1248 2238 se·

49 2277 143 2348 quim
155 2296 341 2357 personarum
355 2292 453 2340 mutua
466 2281 823 2351 immanentianrpraeopqsn
837 2300 854 2338 a
868 2282 990 2349 Graccis,
1006 2279 1245 2339 circumiacesst'o

50 2388 72 2431 a
84 2374 187 2437 Latinis
202 2377 295 2436 diota:
310 2378 373 2437 haec
389 2377 455 2437 verd
470 2377 600 2435 absurdis
621 2388 733 2450 scatets
753 2376 890 2449 neuquid
911 2374 1108 2452 hujusmodis
1128 2375 1246 2432 Christo

51 2469 190 2539 ordinm,
203 2473 254 2549 qui
268 2474 382 2534 Patrem
399 2475 430 2532 in
444 2492 487 2543 se,
502 2483 577 2532 etse
591 2474 621 2531 in
634 2472 719 2531 Patre
734 2489 798 2530 esse
813 2471 968 2537 affirmans,
980 2469 1021 2527 nil
1031 2469 1107 2528 aliud
1122 2469 1247 2551 insinuas

52 2565 95 2624 vit
105 2586 187 2642 quam
200 2579 306 2629 motam
322 2579 351 2628 et
363 2571 489 2629 strictam
504 2568 657 2627 voluntatis
672 2576 701 2624 et
714 2567 819 2625 amoris
835 2565 1085 2641 conjunctionem:
1101 2561 1246 2635 quomodo

53 2656 203 2742 discipulos
217 2684 316 2725 secum
331 2666 467 2743 conjungi
481 2664 572 2723 voluit
593 2663 699 2720 “sicut
711 2670 741 2719 tu
762 2661 849 2719 Pater
863 2660 894 2718 in
914 2676 971 2727 me,
987 2667 1016 2717 et
1036 2675 1091 2735 ego
1105 2658 1136 2715 in
1156 2666 1193 2724 te,
1216 2664 1247 2713 ut

57 2754 109 2834 ipsi
120 2762 148 2820 in
161 2763 246 2821 nobis
262 2781 350 2822 unum
365 2762 472 2821 siut.”⁹

96 2861 155 2918 lld.
175 2858 266 2938 Resp.
289 2859 372 2920 Nihil
385 2856 500 2918 absurdi
513 2858 543 2916 in
566 2875 602 2916 eo
623 2854 701 2929 quod
724 2855 809 2914 Pater
830 2854 860 2912 in
886 2853 971 2921 Filio,
986 2853 1078 2911 Filius
1100 2852 1131 2910 in
1153 2851 1248 2926 Patre,

62 2954 212 3033 stSpiritus
227 2959 349 3016 Sanctus
368 2958 399 3015 in
422 2968 541 3029 utroque
562 2955 610 3022 sit,
624 2952 763 3011 ineffabili
785 2951 909 3024 quodam
931 2969 1019 3019 nexu,
1035 2961 1063 3009 et
1083 2950 1245 3009 substantias

11 3112 13 3121 ,
62 3049 162 3111 unas.
177 3088 183 3097 -
202 3052 336 3112 Proiecto
350 3070 408 3111 non
423 3051 523 3118 semel,
539 3068 592 3108 neo
606 3050 707 3117 obiter,
722 3046 774 3106 sed
790 3067 892 3126 magna
913 3067 979 3107 eum
994 3047 1032 3116 vi,
1053 3045 1081 3105 id
1096 3045 1247 3104 affirmarit

11 3136 15 3223 ³,
67 3139 200 3219 Christum
214 3168 304 3224 quum
318 3150 396 3209 enirn
410 3167 442 3206 se
456 3158 486 3206 et
500 3148 614 3206 Patrem
629 3165 718 3205 unum
732 3155 810 3204 essct
824 3145 1002 3212 affirmasset,
1014 3145 1099 3203 fidem
1111 3143 1245 3220 operibus

68 3246 218 3312 ustulavit:
240 3247 306 3304 “Sl
319 3246 390 3306 mihi
403 3262 462 3305 non
477 3245 561 3303 vultis
574 3243 699 3310 credere,
714 3243 848 3317 operibus
870 3242 985 3308 credite,
1000 3251 1032 3300 ut
1055 3241 1244 3316 cognoscatis,

71 3343 216 3402 “cmdatis
229 3344 297 3416 quia
319 3345 404 3403 Pater
427 3344 457 3400 in
479 3350 600 3408 meast,
617 3349 646 3397 et
666 3355 721 3414 ego
743 3337 773 3394 in
795 3337 925 3394 Patre.”⁸
966 3335 1039 3392 Haec
1054 3335 1087 3391 ad
1108 3339 1245 3395 unitatem

72 3442 153 3496 natum
175 3439 273 3498 referri
296 3440 396 3512 liquet.
438 3437 598 3497 Postulanti
627 3433 763 3509 Philippo
788 3442 820 3489 ut
845 3431 931 3490 Pater
955 3429 1012 3487 illis
1038 3428 1243 3497 ostenderetur,

73 3525 150 3590 “dicit
161 3535 188 3592 ei
201 3533 308 3594 Jesus:
330 3534 570 3610 Tantotemporc
590 3531 841 3594 vobiscumtsurn3
863 3534 893 3584 et
913 3543 971 3585 non
986 3523 1160 3600 cognovistis
1175 3524 1244 3582 mel

72 3616 193 3706 Philippo,
214 3630 265 3704 qui
279 3629 357 3688 ridet
379 3648 435 3698 me,
450 3628 528 3687 videt
549 3637 578 3686 et
600 3628 726 3685 Patrem.
768 3621 922 3689 Quomodo
944 3630 975 3678 tu
1000 3618 1093 3677 dicis:
1117 3620 1245 3680 Ostende

72 3716 135 3778 ltbit
145 3724 279 3784 Patrem?
301 3725 371 3784 Non
384 3724 510 3793 creditis,
525 3724 591 3796 qnia
605 3739 659 3799 ego
673 3719 703 3777 in
718 3718 812 3781 Patre.
826 3729 854 3774 et
865 3716 950 3774 Pater
964 3714 1049 3771 inme
1063 3715 1128 3770 estl
1150 3715 1245 3773 Verba

73 3822 122 3879 llae
132 3835 181 3897 ego
192 3820 298 3894 loquor
309 3820 403 3889 robis,
419 3839 436 3877 a
450 3819 562 3896 meipso
575 3836 634 3877 non
647 3816 772 3887 loquor..
804 3814 890 3870 Pater
903 3820 996 3869 autern
1009 3809 1039 3866 in
1053 3827 1099 3866 me
1114 3826 1245 3879 manans,

73 3899 121 3981 il·e
131 3912 192 3977 lacit
203 3937 301 3998 opera.
343 3918 414 3978 Noa
428 3916 554 3984 creditis,
569 3917 637 3989 quia
658 3932 714 3991 ego
728 3913 758 3971 in
779 3911 873 3979 Patre,
889 3920 918 3971 ct
931 3909 1017 3968 Pater
1036 3908 1066 3967 in
1080 3926 1125 3968 rue
1147 3906 1246 3966 estl’'⁴

244 4158 282 4219 (1)
300 4152 331 4204 L.
339 4171 363 4204 v.
371 4153 401 4203 ds
409 4154 481 4204 Trin.
491 4169 513 4202 c.
524 4168 547 4201 v.
558 4168 585 4201 n.
596 4153 619 4200 6.

247 4241 284 4303 (2)
301 4241 372 4291 Josn.
384 4243 443 4292 xvii.
455 4245 496 4292 21.
514 4239 578 4291 Vide
590 4237 736 4301 Wolzogsrr.
748 4236 817 4288 Deci.
829 4253 851 4287 c.
862 4238 893 4286 vi.

245 4325 286 4389 (a)
305 4323 378 4374 Joan.
388 4340 414 4374 x.
426 4327 467 4374 38.

244 4411 283 4471 (t)
300 4409 373 4461 Josn.
384 4410 434 4461 xlv.
443 4413 467 4460 9.

320 4494 324 4501 ’
598 4495 651 4551 16*
