2744 5024
370 198 426 260 DE
449 195 620 259 CHRISTI
639 194 926 260 ADORhTIONE.
1190 204 1251 262 252

52 345 340 427 christianornm
363 373 420 429 qua
443 364 564 414 mortem
585 355 665 424 obiit,
680 356 781 433 agitur,
801 374 892 429 eaque
912 356 948 415 ad
963 374 1109 417 summam
1130 357 1250 434 gloriam

54 456 154 533 evecta
165 447 276 518 dicitur,
292 450 369 509 cultu
383 469 519 528 supremo
533 451 567 508 ab
582 450 716 509 omnibvs
732 449 790 509 Dei
804 452 940 511 creaturis
956 452 1133 513 honoranda.

59 624 62 629 Ι
95 548 165 604 als.
186 547 340 607 Summum
355 549 465 623 accepit
491 546 625 605 Christus
646 547 764 616 cultum,
778 548 863 607 etiarn
884 550 957 608 inter
977 551 1108 610 homines
1123 568 1249 609 versans.
1303 538 1357 628 ,Ν

61 634 169 723 Recens
182 652 280 703 natum
294 646 370 722 magi
385 644 520 703 divinitus
534 644 621 712 ducti,
637 654 665 702 et
678 645 786 703 caelesti
799 646 929 705 illustrati
942 647 1050 706 lumino
1072 657 1092 685 “
1102 648 1249 725 procideu·
1303 702 1320 733 ,
1334 682 1360 731 p«

10 814 12 825 Ι
65 736 297 797 tosadoraverunt
310 738 410 808 eum,’'
425 740 545 801 Πεσόντες
555 739 733 811 προσεκύνησαν
741 739 829 798 dart?
860 741 965 800 Veram
980 742 1172 802 adorationem
1192 743 1252 802 illie
1284 734 1304 761 ’ᾗ

12 838 18 873 ἴ
70 828 269 911 intelligendam
287 835 408 911 suadent
421 837 517 894 omnia
532 835 672 913 adjuncta,
687 855 741 896 nee
755 837 833 895 enim
845 838 1008 897 verosimile
1020 847 1064 896 est
1077 858 1176 915 puero,
1190 840 1252 898 nol·
1284 816 1360 893 'st‘

70 922 121 989 lum
128 933 277 1008 majestatis
285 941 403 992 terrene
414 932 553 992 iudicium
568 933 773 1010 preseserouti,
785 934 956 1007 obsequium
970 935 1055 993 civile
1067 954 1166 1012 magos
1178 954 1250 1013 prae·

78 1032 135 1086 stare
145 1029 279 1098 voluisse,
293 1038 370 1089 tauta
383 1050 448 1089 cum
460 1030 506 1088 sui
520 1030 727 1090 humiliatione.
1289 1030 1292 1035 '

107 1126 165 1182 220.
187 1123 305 1183 Christo
319 1144 336 1183 a
349 1143 426 1189 ceco
440 1143 526 1198 quem
542 1125 605 1184 visu
619 1124 785 1193 donaverat,
800 1124 886 1185 tidem
901 1127 1043 1203 exigente,
1060 1135 1079 1163 “
1091 1127 1140 1184 Tu
1160 1126 1252 1184 credis

23 1248 26 1253 ·
81 1217 103 1277 iu
117 1218 213 1280 Filium
235 1221 294 1281 Dei
303 1220 337 1278 l'’
361 1239 450 1296 seque
471 1223 567 1301 ipsum
589 1240 652 1281 esse
674 1221 844 1291 declarante,
864 1222 1012 1301 respondit
1036 1224 1101 1282 ille:
1124 1233 1144 1261 ⁴⁶
1157 1223 1254 1283 Credo

23 1318 29 1325 '
80 1310 193 1386 Domine,
207 1326 236 1375 et
258 1315 410 1395 procidens
431 1316 557 1376 adoravit
579 1317 695 1375 eum.”'
734 1318 870 1377 Adoratio
891 1317 952 1376 heac
966 1317 1023 1376 fide
1043 1318 1078 1378 de
1099 1318 1175 1378 Filio
1196 1318 1253 1376 Dei

76 1412 133 1471 nixa
142 1433 196 1474 nou
210 1424 269 1472 erat
282 1415 375 1473 cultus
389 1414 493 1484 civilis,
508 1413 559 1472 sed
573 1415 734 1492 religiosus,
747 1414 902 1489 etquidem
916 1434 1079 1493 supremus,
1094 1417 1143 1490 qui
1158 1425 1253 1474 tamen

75 1505 177 1571 Christo
189 1510 300 1570 homiui
314 1510 400 1569 simul
414 1520 443 1567 et
456 1509 532 1569 Filio
547 1510 603 1569 Dei
617 1510 742 1569 redditus
757 1521 810 1570 est.
1299 1538 1304 1609 p

109 1610 166 1665 221.
187 1607 320 1685 Apostoli
335 1606 483 1693 (Jhristnm
498 1606 656 1665 redivivum
673 1606 830 1665 “videntes
846 1626 912 1666 eum
925 1607 1157 1668 adoraverunt?⁸
1185 1608 1260 1666 Oui*
1299 1618 1304 1659 ’τ

68 1710 116 1759 tus
124 1705 266 1782 religiosus
282 1713 311 1761 et
323 1722 474 1781 supremus
489 1703 544 1761 hoc
558 1703 622 1761 loeo
636 1704 807 1771 enuntiatur,
823 1705 908 1762 nixus
922 1706 985 1781 ejus
1000 1724 1016 1762 a
1030 1706 1149 1763 mortuis
1163 1723 1254 1762 resur·
1295 1672 1305 1777 l

10 1800 12 1811 '
65 1800 197 1859 rectione:
208 1833 209 1836 ¹
220 1820 273 1860 neo
286 1801 440 1859 divinitatis
455 1820 471 1857 a
484 1800 659 1858 humanitate
673 1799 827 1858 discrimen
841 1801 871 1858 in
886 1818 921 1858 eo
943 1800 1104 1875 praestando
1117 1808 1259 1868 servatur,
1287 1780 1300 1873 l

66 1893 119 1951 sed
129 1898 252 1956 tribuitur
267 1896 395 1965 Christo,
410 1897 461 1969 qni
475 1895 555 1953 Dens
571 1904 615 1952 et
628 1904 657 1953 et
670 1894 767 1954 homo.
1284 1876 1291 1901 ⁹
1348 1898 1352 1907 '

107 1987 249 2052 Probatur
263 1992 306 2050 II.
334 1990 389 2050 Ex
407 1989 563 2050 Patribus.

10 2074 15 2083 ⁵
106 2089 169 2147 222.
192 2088 223 2148 S.
237 2088 451 2146 Aansnasrns:
475 2085 573 2143 “Etsi
588 2085 665 2144 enim
681 2085 822 2161 ipsacaro
843 2086 964 2144 seorsim
985 2095 1120 2163 spectata,
1134 2104 1200 2162 pars
1220 2088 1260 2144 sit
1332 2132 1337 2137 .

10 2196 14 2203 ’
66 2191 154 2243 rtrum
175 2193 343 2250 creatarum,
358 2191 481 2240 attamen
508 2180 563 2238 Dei
578 2182 650 2240 sacta
674 2191 718 2238 est
739 2199 863 2258 eorpus:
887 2200 980 2256 neque
1002 2200 1069 2241 vero
1090 2183 1258 2260 hujusmodi

64 2288 163 2354 eorpus
177 2300 193 2339 a
206 2280 305 2355 Verbo
319 2279 477 2338 dividentes
489 2276 756 2358 adoramus,{neqne
768 2297 833 2338 curn
845 2279 972 2340 Verbum
984 2280 1117 2340 volumus
1130 2280 1256 2349 adorare,
1278 2278 1282 2283 ’

64 2361 188 2444 itttvrnr'a
202 2395 287 2436 carne
300 2373 531 2435 removemus.”⁴
1271 2450 1274 2455 Ι

91 2472 168 2533 222.
190 2474 222 2531 S.
237 2473 419 2539 hernostus,
434 2471 466 2529 in
480 2470 585 2529 Psaltis
601 2472 703 2529 verba:
725 2481 744 2508 “
757 2471 880 2531 Adoratc
892 2473 1048 2531 scabellum
1062 2472 1170 2549 pedum
1182 2474 1257 2551 ejus,
1277 2472 1285 2517 ²·
1300 2464 1360 2537 ’.Ἢ

57 2562 128 2631 quia
141 2580 269 2629 sanetum
282 2567 357 2637 est,’'
368 2567 483 2625 scribit:
508 2576 528 2604 ¹⁴
541 2586 592 2644 per
612 2567 767 2625 scabellum
789 2576 863 2625 terra
883 2568 1067 2645 intelligitur:
1090 2586 1141 2644 per
1154 2576 1259 2626 terram
1315 2600 1322 2607 -
1355 2612 1360 2617 .

53 2669 155 2725 sutem
168 2684 234 2725 caro
249 2664 370 2732 Christi,
385 2682 471 2738 quam
486 2662 572 2721 hodie
597 2680 710 2735 quoque
731 2663 761 2719 in
783 2662 928 2737 mysteriis
950 2660 1110 2729 adoramus,
1125 2671 1154 2719 et
1173 2680 1259 2735 quam
1289 2636 1353 2733 *J*

50 2750 191 2831 Apostoli
204 2765 235 2821 in
250 2762 377 2821 Domino
390 2761 461 2819 Jesu
476 2758 674 2818 adorarunt.”⁵
713 2758 854 2835 Magistro
875 2759 1001 2817 concinit
1020 2756 1178 2835 discipulus
1201 2714 1282 2851 Aul

49 2861 191 2925 tustinus
206 2862 235 2918 in
251 2861 315 2937 ipsa
328 2858 433 2916 Psaltis
449 2859 554 2916 verba:
571 2865 591 2892 ‘⁶
604 2856 759 2915 Fluctuans
772 2864 906 2914 converto
921 2874 967 2914 me
978 2853 1014 2912 ad
1024 2854 1183 2924 Christum,
1193 2857 1260 2931 quia¹

49 2944 159 3021 ipsum
172 2974 270 3029 quaero
284 2955 352 3023 hic;
375 2963 403 3012 et
416 2954 532 3011 invenio
546 2951 692 3025 quomodo
705 2952 769 3010 sine
789 2951 934 3028 impietate
954 2949 1086 3011 adoretur
1099 2960 1181 3019 terra,
1197 2952 1259 3010 sine

48 3039 207 3124 iinpietate
222 3051 354 3109 adoretur
367 3049 523 3108 cabellum
538 3048 644 3124 pedum
660 3049 733 3124 ejus.
765 3048 899 3123 Suscepit
912 3049 989 3106 enim
1004 3046 1039 3107 de
1054 3057 1127 3105 terra
1140 3057 1258 3107 terram:
1290 3078 1296 3127 3

51 3144 209 3210 quianam
223 3146 258 3205 de
273 3157 346 3222 terra
359 3154 415 3213 est,
428 3154 457 3202 et
470 3143 505 3202 de
520 3162 603 3202 carne
618 3145 719 3202 Mariae
734 3162 847 3203 carnem
862 3144 980 3222 accepit.
1022 3143 1063 3202 Et
1074 3145 1140 3217 qnia
1154 3145 1183 3202 in
1197 3145 1261 3222 ipsa

53 3250 150 3299 turne
160 3243 207 3301 bic
221 3241 385 3308 ambulavit,
395 3251 423 3298 et
431 3240 524 3317 ipsam
536 3259 649 3298 carnem
662 3240 744 3298 nobis
755 3239 979 3300 manducandam
988 3238 1023 3297 ad
1034 3239 1154 3299 salutem
1164 3240 1258 3299 dedit:
1294 3130 1310 3381 l

54 3346 252 3397 remeantem
263 3337 340 3395 illam
352 3354 465 3394 caruem
478 3334 640 3404 manducat,
650 3337 707 3393 nisi
718 3337 796 3413 prim
807 3336 975 3404 adoraverit,
984 3336 1132 3395 inventum
1140 3347 1184 3395 est
1192 3356 1261 3411 que·
1306 3386 1310 3415 ,

58 3430 246 3494 uadmodum
262 3433 394 3493 adoretur
408 3433 463 3490 tale
477 3432 632 3491 scabellum
647 3433 777 3501 Domini,
792 3441 821 3490 et
841 3451 899 3490 non
919 3432 1013 3491 solum
1027 3451 1085 3491 uon
1107 3451 1260 3509 peccemus
1307 3428 1313 3493 l

62 3520 217 3600 adorando,
232 3531 285 3590 sed
298 3548 452 3609 peccemus
467 3548 525 3589 uon
541 3528 729 3587 adorando.”⁶
1307 3508 1313 3535 ¹

108 3626 176 3686 224.
197 3629 228 3687 S.
243 3628 381 3686 loannes
395 3626 609 3692 Dauasocrvns,
625 3624 770 3699 Theologi
783 3641 873 3692 more,
888 3622 1026 3680 rationem
1037 3621 1146 3680 reddit:
1169 3631 1188 3660 ‘⁴
1201 3625 1262 3683 Ne·

68 3704 127 3787 que
138 3726 210 3786 onim
223 3724 394 3785 adorandam
409 3742 473 3782 esse
488 3742 602 3781 carnem
617 3724 680 3799 ejus
696 3740 850 3801 negamus:
873 3720 980 3796 quippe
995 3737 1058 3792 quae
1079 3718 1210 3779 adoratur
1231 3722 1261 3779 in
1314 3758 1329 3791 ,4

72 3828 127 3871 uua
140 3817 224 3881 Verbi
238 3841 371 3905 persona,
386 3832 415 3880 et
428 3819 595 3897 hypostasis
607 3819 681 3877 facta
691 3817 749 3879 est.
790 3819 854 3889 Qua
868 3818 897 3874 in
912 3833 941 3874 re
955 3833 1012 3873 non
1026 3826 1159 3875 creaturae
1175 3819 1281 3915 servi-l¹
1345 3890 1360 3907 Ι,

329 3981 367 4039 (ι.)
386 3977 447 4026 Mac
458 3976 484 4025 ii.
498 3979 537 4024 11.

329 4067 366 4125 (2,)
384 4062 455 4112 loen.
466 4062 501 4111 ix.
513 4063 554 4109 38.

324 4152 362 4211 (3)
381 4148 452 4198 Matt.
463 4145 551 4198 xxviii.
564 4151 603 4197 17.

328 4237 365 4295 (4)
383 4234 462 4299 Epist
474 4234 504 4284 ad
516 4232 671 4298 Adelphium.

331 4324 368 4382 (5)
386 4319 416 4369 L.
435 4321 468 4371 iii.
480 4321 510 4370 de
521 4319 615 4385 Spiritu
627 4319 718 4368 Sancto
730 4334 750 4368 c.
762 4318 792 4370 ii..

270 4436 274 4441 ·
332 4408 370 4470 (d)
388 4406 475 4460 Euan.
487 4405 514 4457 in
525 4404 567 4455 Ps.
579 4403 696 4456 xcviiin
709 4405 737 4453 9.
