2730 5018
73 268 136 326 85⁰
300 265 357 324 DE
378 262 527 324 MORTE
549 260 720 321 CHRISTI
741 257 828 321 Plio
844 258 1046 320 OMNIBUS.

159 635 300 724 CAPUT
320 662 405 722 VIII.
445 660 501 720 DE
524 659 672 719 MORTE
696 657 867 718 CHRISTI
887 657 969 718 PRO
986 653 1195 717 OMNIBUS.

122 825 188 881 190.
211 822 359 880 Christum
372 839 437 879 vers
453 819 586 896 expiasse
601 827 714 894 peccata
728 817 801 877 ultro
815 814 974 874 concedunt
982 815 1099 873 calvini
1113 817 1280 878 sectatores,

79 918 132 977 sed
143 936 202 976 non
212 918 340 976 omnium
352 916 501 975 hominum
515 934 522 971 ε
544 915 698 972 electorum
710 913 787 971 enim
797 912 932 971 utilitates
942 911 1134 970 umneeillius
1145 907 1289 969 saeritisii·

80 1031 145 1070 esse
167 1013 364 1069 contendunt¹
377 1011 458 1070 Idem
479 1012 537 1069 sere
556 1009 721 1076 Jansenius,
732 1009 816 1084 juxta
836 1026 921 1081 quom
943 1018 1037 1066 tamen
1051 994 1278 1080 chrisme‘upm

88 1109 199 1166 caeteris
214 1109 263 1182 qui
285 1128 301 1165 a
321 1107 376 1166 fide
391 1107 563 1167 etoharitate
578 1105 743 1163 deficientes
763 1107 794 1164 iu
814 1105 962 1178 iniquitate
984 1100 1277 1170 moriuntur,”-“In

81 1211 190 1261 tantum
209 1214 335 1262 mortuus
349 1213 403 1270 est,
416 1211 445 1261 et
458 1203 487 1260 in
502 1211 608 1260 tantum
623 1201 786 1277 propitiatio
806 1209 986 1276 peccatorum
1000 1210 1053 1268 est,
1068 1208 1098 1257 et
1118 1199 1147 1256 in
1170 1205 1278 1254 tanturn

81 1296 193 1383 pogavit
220 1296 345 1364 Patrem,
374 1297 404 1353 in
437 1307 574 1369 quantum
609 1295 812 1372 temporalibus
846 1293 1015 1366 quibusdam
1050 1292 1155 1360 divinae
1182 1291 1278 1368 gratie

4 1428 6 1435 ·
76 1392 231 1453 ῒίῐοοῑίὴω
259 1391 416 1451 exornandi
443 1392 556 1450 sunt.’'²
610 1392 783 1449 “Omnibus
813 1390 902 1458 illis‚’¹
931 1391 1033 1464 iuquit,
1062 1399 1147 1466 “pro
1176 1388 1278 1460 quibus

84 1488 218 1547 Christus
246 1490 414 1566 sanguinem
442 1488 524 1555 ludit,
545 1498 574 1546 et
600 1498 740 1561 quatenus
767 1507 820 1565 pro
847 1489 889 1546 eis
916 1487 997 1556 ludit,
1018 1488 1104 1545 etiam
1131 1472 1311 1544 sttffieiens'

83 1586 221 1645 auxilium
236 1585 332 1655 donat,
348 1604 405 1659 quo
419 1605 476 1643 non
491 1585 583 1643 solum
600 1586 722 1662 possint,
737 1585 787 1643 sed
803 1585 888 1643 etiam
907 1586 1002 1662 telpsa
1016 1585 1104 1643 velint
1122 1602 1157 1642 ao
1178 1582 1281 1643 faciant

84 1681 112 1739 id
127 1681 205 1754 quod
218 1682 253 1739 ab
266 1683 309 1739 eis
324 1681 474 1741 volendum
490 1693 518 1740 st
532 1680 692 1740 saoisndum
706 1700 771 1739 esse
785 1679 955 1740 decrevit.”¹
996 1679 1161 1757 Propositio
1182 1679 1287 1759 quinta

85 1795 123 1836 ex
142 1777 162 1835 J
164 1778 274 1835 ausonii
286 1779 420 1854 operibus
435 1787 568 1845 extracta,
584 1776 629 1835 his
643 1776 736 1836 verbis
751 1787 889 1854 concepta
902 1786 964 1835 est:
987 1786 1007 1815 ⁶⁶
1017 1775 1281 1853 semipelagiaoum

34 1880 37 1885 ’
86 1882 131 1931 est
151 1872 244 1931 dicere
259 1874 407 1932 Christum
429 1893 481 1951 pro
502 1875 634 1933 omnibus
655 1875 772 1933 omnino
793 1874 958 1932 hominibus
979 1884 1120 1932 mortuum
1143 1890 1220 1940 esse,
1235 1880 1283 1930 aut

86 1969 254 2046 sanguinem
283 1968 423 2028 sudisss.'’
466 1969 610 2028 Damnata
636 1978 681 2027 est
706 1978 737 2027 ut
764 1969 843 2038 salsa,
865 1969 1024 2036 temeraria,
1045 1968 1225 2035 seandatosa,
1254 1975 1283 2024 et

87 2063 228 2122 intellecta
255 2083 291 2122 eo
317 2083 415 2132 seusu,
435 2074 467 2122 ut
495 2064 629 2122 Christus
648 2083 701 2142 pro
728 2064 818 2121 salute
845 2063 991 2127 dumtaxat
1017 2063 1284 2140 predestinatorum

87 2169 215 2218 mortuus
229 2159 284 2228 sit;
305 2169 337 2218 ut
350 2160 447 2237 impia,
464 2160 641 2236 blasphema,
656 2160 872 2228 contumeIIosa,
887 2150 991 2219 divium
1011 2160 1110 2236 pietati
1129 2157 1283 2235 derogans,

87 2263 117 2313 et
129 2254 294 2313 heretica.''
333 2255 383 2313 Ex
395 2255 486 2313 limite
500 2255 568 2313 huin
579 2254 753 2314 damnationi
764 2255 907 2331 apposito,
918 2254 1061 2332 oollIgitur
1074 2273 1092 2313 a
1104 2253 1162 2313 telo
1176 2250 1296 2311 servam

88 2349 230 2408 immunes
245 2348 382 2422 quasdam
397 2349 613 2427 Theologor'um
628 2351 792 2410 sententias.

129 2448 196 2502 llll.
219 2444 397 2517 Vasquesius
407 2446 688 2504 ineasuitsententia
698 2444 847 2505 Christum
862 2463 914 2522 pro
923 2444 1049 2522 parvulis
1057 2446 1167 2518 absque
1178 2441 1286 2519 baptis·

87 2559 137 2601 mo
152 2539 353 2598 decedentibus
380 2549 524 2599 mortuum
544 2560 604 2599 non
624 2559 699 2615 esse,
712 2541 770 2599 nisi
783 2539 877 2614 quoad
895 2559 988 2598 eausa
1002 2540 1238 2600 communitatem
1258 2545 1287 2595 et

88 2636 313 2714 magnitudinem
341 2645 424 2710 atque
458 2640 613 2715 potentiam
647 2639 755 2714 pretii.⁴
815 2637 925 2696 Omnes
959 2637 1074 2710 quidem
1109 2635 1287 2696 conveniunt

90 2733 234 2809 Theologi
249 2733 397 2790 Christum
413 2734 506 2806 quoad
517 2735 599 2811 pretii
613 2733 811 2792 sufficientiam
827 2753 878 2810 pro
893 2734 1026 2792 omnibus
1040 2751 1104 2791 esse
1118 2741 1284 2798 mortuum

89 2829 218 2906 plerique
233 2829 338 2886 addunt
352 2830 551 2888 sufficientiam
564 2830 725 2898 voluntatis,
743 2829 819 2902 quod
840 2830 949 2887 scilieet
963 2848 1028 2886 vere
1043 2829 1163 2886 voluerit
1183 2826 1286 2886 mortis

91 2944 150 2984 suae
177 2926 280 2983 intuitu
300 2927 419 2984 concedi
440 2928 573 2985 omnibus
593 2928 688 3002 gratio
710 2927 815 2984 auxilia
835 2944 901 2985 vere
922 2936 950 2983 et
970 2925 1085 2984 relative
1106 2925 1141 2982 ad
1162 2925 1285 2983 salutem

91 3021 271 3078 sufficientia.
314 3020 346 3078 Id
361 3023 522 3079 necessario
537 3022 690 3080 tenendum
705 3022 815 3080 videtur
829 3023 928 3079 saltem
950 3021 1043 3094 quoad
1058 3021 1170 3094 aliquos
1183 3030 1285 3096 praeter

90 3116 316 3194 praedestinatos.
358 3118 422 3176 Imo
436 3120 532 3175 soribit
547 3118 729 3194 Hiaoynthus
744 3119 780 3176 de
801 3120 960 3186 Graveson,
975 3138 1012 3177 ex
1026 3119 1282 3177 DomInioanorum

91 3211 207 3269 familia.
250 3221 269 3247 ⁸⁶
282 3211 395 3287 Dogma
415 3212 482 3268 tidei
503 3221 555 3279 est,
578 3212 725 3271 Christum
747 3224 892 3301 mortuum
910 3233 974 3273 esse
996 3214 1137 3273 voluntate
1159 3198 1282 3291 gene‘rali

92 3324 144 3363 seu
165 3306 357 3373 antecedente,
380 3325 431 3382 pro
452 3308 542 3366 salute
567 3310 695 3367 omnium
716 3312 835 3368 omnino
850 3301 1014 3387 lidrpinum,
1037 3330 1160 3384 eumque
1181 3311 1281 3369 merito

91 3404 234 3480 passionis
248 3423 307 3462 sue
321 3424 495 3481 preparasse
510 3406 616 3466 auxilia
629 3426 695 3465 vere
709 3408 888 3476 sufficientia,
904 3412 967 3481 quae
988 3409 1105 3477 consent,
1120 3409 1165 3466 vel
1182 3408 1281 3483 saltem

92 3498 185 3569 offert,
200 3501 321 3577 singulis
335 3502 473 3577 reprobis,
486 3503 524 3559 ita
537 3511 568 3559 ut
582 3521 633 3578 per
646 3503 694 3561 illa
707 3504 811 3564 auxilia
820 3504 999 3570 sufficientia,
1009 3503 1064 3561 sibi
1079 3523 1095 3560 a
1110 3502 1230 3560 Christo
1240 3503 1282 3562 vel

92 3598 204 3666 collata,
219 3599 264 3656 vel
275 3599 376 3664 oblata,
391 3599 503 3675 possint
516 3618 616 3657 omnes
631 3602 744 3676 reprobi
758 3601 793 3658 ad
807 3611 940 3660 aternam
955 3602 1101 3678 pervenire
1113 3602 1246 3666 salutem,
1255 3611 1284 3658 et

92 3713 131 3754 ex
150 3714 249 3753 eorum
277 3696 361 3771 culpa
388 3714 420 3753 ao
444 3695 555 3753 deseotu
573 3707 626 3764 sit,
647 3715 706 3755 non
727 3699 792 3755 vero
820 3716 857 3756 ex
884 3699 1052 3760 auxiliorum
1080 3696 1284 3761 sufficientium

92 3791 213 3858 delectu,
229 3791 306 3866 quod
320 3791 354 3849 ad
368 3810 431 3849 eam
444 3792 562 3858 miru'me
576 3795 786 3870 perveniant.''⁸

129 3921 169 3986 (l)
187 3922 248 3973 “To
260 3924 291 3974 all
303 3923 371 3974 those
382 3924 419 3973 sor
424 3925 506 3974 whom
519 3925 602 3975 Christ
612 3926 672 3976 bath
682 3926 816 3990 purobased
827 3926 985 3990 redemptlom
996 3925 1027 3975 bs
1039 3925 1098 3975 doth
1108 3925 1226 3990 oenainly
1237 3927 1289 3976 aud

91 4005 228 4070 effectually
239 4008 312 4071 apply
323 4009 372 4057 and
382 4009 560 4058 communicate
570 4009 611 4058 the
622 4007 712 4058 same.”
746 4009 914 4072 Presbyterian
925 4010 1062 4060 confession
1072 4010 1102 4059 ol
1113 4009 1182 4068 saith,
1190 4009 1230 4058 ch.
1239 4010 1291 4060 viii.

15 4145 21 4152 ,
93 4095 116 4150 ς.
128 4090 178 4140 viii.
211 4090 321 4139 “Others
332 4098 375 4139 not
386 4090 484 4149 elected,
495 4090 613 4152 although
624 4091 681 4155 they
692 4107 749 4156 may
760 4093 790 4141 be
806 4093 882 4142 called
898 4095 931 4157 by
943 4094 984 4143 the
995 4095 1106 4158 ministry
1118 4095 1146 4145 oi
1158 4093 1200 4143 the
1212 4094 1291 4154 word,

93 4175 142 4224 and
152 4190 209 4238 may
221 4173 283 4222 have
293 4188 360 4222 some
376 4188 490 4222 common
507 4174 644 4236 operatione
660 4175 689 4225 oi
701 4175 742 4226 the
758 4175 834 4239 spirit,
844 4183 886 4249 pet
902 4176 961 4250 they
972 4195 1047 4236 never
1062 4180 1127 4252 truly
1138 4193 1208 4230 ooms
1224 4185 1292 4239 unte

94 4257 185 4318 Christ,
196 4259 245 4308 and
255 4256 372 4306 therefore
383 4264 473 4306 cannot
483 4258 513 4306 be
524 4256 620 4307 savsd.”
655 4257 703 4310 Ch.
714 4275 739 4308 x.
752 4264 775 4321 ς.
786 4260 818 4313 ir.

128 4348 166 4404 (2)
184 4342 314 4394 Jansenius
325 4343 341 4393 1.
353 4345 376 4393 tl.
387 4341 417 4390 ds
428 4341 514 4392 Gratia
525 4341 617 4392 Christi
627 4358 648 4392 o.
660 4346 700 4393 ul.

130 4429 172 4492 (θ)
191 4429 290 4478 Ibidem.
391 4429 433 4494 (4)
452 4427 471 4478 1.
482 4443 506 4492 p.
517 4427 578 4491 disp.
590 4430 622 4476 96
634 4445 655 4478 o.
667 4431 690 4480 8.

128 4513 168 4587 tt)
187 4513 304 4589 Epistola
315 4513 710 4589 uaotopmumnmpotsmoe
721 4521 739 4569 t.
750 4514 775 4568 ii.
785 4530 823 4591 sp
835 4518 890 4591 hp
901 4515 960 4573 att.
