2744 5024
614 274 840 336 areanum.
1271 276 1330 335 367

161 435 213 495 61.
236 433 308 495 ltcm
325 437 414 496 &illa
428 435 574 493 distinctio
589 434 712 510 duplicis
727 431 938 501 vivificationis,
952 414 1080 498 alterius,
1096 448 1153 503 qua
1167 432 1327 491 vivificatur

121 543 266 608 peccator,
282 534 350 591 dum
365 535 392 591 ei
408 533 581 609 poenitentiae
604 533 633 590 da
654 533 718 590 vitre
744 548 825 589 novae
848 529 1039 606 propositum,
1065 528 1095 586 da
1117 528 1325 607 inchoatiofper

123 627 181 686 Dei
207 630 327 706 gratiam
347 631 520 706 inspiratur;
543 630 667 696 alterius,
682 647 740 701 qua
753 627 921 695 vivificatur,
937 627 986 700 qui
1008 643 1074 684 rere
1093 622 1275 702 justibuamr,
1297 627 1327 684 du

122 725 235 800 palmes
251 728 333 784 rivus
348 729 377 784 in
393 729 448 784 vite
464 727 582 785 Christo
593 727 724 793 efficitur,
741 726 845 802 pariter
855 725 1049 783 commentitia
1059 734 1115 793 ast,
1130 725 1324 801 &Scripturis

125 824 248 881 minime
264 842 436 900 congruens.

164 925 215 978 65
239 921 307 978 Νοιι
323 921 379 978 nisi
394 921 549 997 Pelagiano
568 939 661 978 errore
676 919 785 976 admitti
800 928 896 995 potest
915 937 985 976 usus
1006 919 1109 992 aliquis
1123 919 1204 977 liberi
1219 921 1325 978 arbitrii

124 1017 231 1088 bouus,
246 1018 308 1074 sive
321 1036 379 1075 non
396 1019 496 1084 malus,
513 1018 542 1074 du
563 1018 658 1094 gratiae
680 1016 817 1123 Christi'
810 1017 944 1092 injuriam
965 1015 1039 1084 iacit,
1062 1018 1111 1089 qui
1132 1017 1171 1074 ita
1191 1018 1327 1075 sentit&

124 1110 223 1169 docet.

161 1211 211 1265 66.
231 1208 302 1264 Sola
316 1206 450 1265 uiolentia
464 1218 602 1283 repugnat
614 1208 736 1265 libertati
751 1208 877 1266 hominis
893 1208 1022 1265 naturali.

160 1306 212 1361 67.
236 1303 335 1360 Homo
351 1313 449 1378 peccat
462 1304 546 1360 etiam
561 1302 766 1369 damnabiliter,
783 1304 813 1361 in
825 1322 860 1360 eo
872 1303 948 1376 quod
964 1305 1127 1361 necessario
1140 1304 1215 1361 lacit.

161 1401 212 1455 66.
232 1396 390 1454 Infidelitas
405 1416 474 1472 pure
490 1398 620 1473 negativa
633 1398 663 1454 in
678 1397 733 1463 his,
746 1398 849 1469 quibus
864 1398 998 1453 Christus
1011 1417 1069 1453 non
1082 1411 1128 1454 est
1141 1398 1322 1472 predicatus,

127 1501 279 1568 peccatum
293 1502 346 1549 est.

162 1595 212 1648 69.
233 1589 252 1648 J
255 1591 405 1647 ustificatio
419 1591 501 1666 impii
516 1591 548 1647 fit
562 1590 716 1647 formaliter
730 1607 780 1664 per
794 1588 984 1646 obedientiam
994 1588 1078 1665 legis,
1095 1607 1152 1646 ιιοιι
1168 1598 1262 1646 autem
1275 1609 1326 1665 per
1350 1631 1353 1636 -

119 1686 261 1743 occultam
275 1686 563 1742 communicationem
577 1685 606 1742 du
622 1684 838 1760 inspirationem
853 1684 960 1760 gratiae,
971 1702 1035 1756 quae
1050 1701 1102 1759 per
1115 1703 1178 1741 eam
1185 1686 1325 1760 justifica-

126 1791 172 1838 tos
187 1780 270 1837 faciat
282 1780 401 1853 implere
415 1781 520 1856 legem.

161 1879 212 1930 76.
235 1872 333 1930 Homo
348 1874 474 1930 existens
489 1873 517 1930 in
533 1883 649 1948 peccato
663 1873 783 1951 mortali,
796 1873 857 1929 sive
868 1873 897 1928 in
908 1881 987 1929 reatu
999 1881 1111 1930 aeternae
1124 1873 1325 1941 damnationis,
1361 1863 1363 1869 ¹

121 1978 215 2044 potest
228 1967 332 2024 habere
347 1986 441 2024 veram
463 1968 638 2035 charitatem,
654 1967 684 2024 du
698 1968 831 2035 charitas,
847 1967 933 2024 etiam
948 1967 1083 2042 perfecta,
1101 1979 1196 2045 potest
1216 1970 1327 2026 consis-

124 2072 182 2120 tere
197 2082 264 2120 cum
278 2072 355 2118 reatu
371 2073 481 2120 aeternae
497 2063 698 2120 damnationis.
1337 2128 1341 2134 p

161 2163 212 2217 71.
248 2159 306 2216 Per
333 2159 542 2223 contritionem,
572 2160 655 2215 etiam
685 2178 750 2216 oum
779 2159 914 2215 charitate
942 2159 1076 2234 perfecta,
1106 2160 1135 2216 do
1163 2178 1228 2218 cum
1258 2173 1323 2219 voto

120 2253 299 2330 suscipiendi
310 2255 526 2312 Sacramentum
540 2257 731 2331 conjunctam,
747 2275 805 2313 non
820 2256 970 2313 remittitur
985 2255 1110 2333 crimen,
1120 2266 1200 2313 extra
1225 2276 1321 2317 casum

122 2350 309 2417 necessitatis,
324 2362 371 2405 aut
385 2350 523 2424 martyrii,
539 2351 601 2406 sine
617 2350 717 2411 actuali
732 2351 915 2425 susceptione
937 2349 1125 2409 Sacramentir

158 2449 208 2503 72.
240 2443 349 2501 Omnes
377 2444 495 2500 omnino
519 2445 660 2520 justorum
688 2444 866 2510 afflictiones,
892 2445 1108 2502 sunt-ultiones
1138 2457 1317 2520 peccatorum

113 2524 260 2616 ipsorum,
272 2540 346 2597 uude
359 2540 388 2597 du
398 2540 417 2598 J
419 2541 465 2605 ob,
478 2540 508 2596 du
518 2541 671 2615 Martyres,
682 2558 745 2610 quae
757 2541 835 2613 passi
844 2550 923 2605 sunt,
933 2527 1048 2614 propter
1056 2552 1232 2614 peceatasua
1244 2562 1310 2619 pass

126 2645 204 2694 sunt.

158 2734 208 2789 73.
232 2731 340 2796 Nemo,
355 2741 456 2806 praeter
471 2729 631 2796 Christum,
647 2739 690 2785 est
704 2730 812 2800 absque
829 2739 946 2802 peccato
967 2728 1119 2804 originali3
1142 2729 1210 2787 hinc
1232 2730 1322 2790 Beata

123 2823 211 2900 Virgo
225 2834 335 2883 mortua
349 2837 393 2882 est
407 2836 522 2899 propter
536 2835 682 2900 peccatum
705 2841 742 2880 ex
763 2823 864 2881 Adam.
876 2831 1061 2890 contractum,
1076 2840 1234 2897 omnesque
1256 2827 1319 2901 ejus

120 2919 310 2977 afflictiones
303 2939 332 2977 ιιι
347 2920 400 2976 hac
416 2919 481 2985 vita,
497 2920 572 2975 sicut
585 2919 614 2976 du
630 2919 749 2976 aliorum
767 2918 922 2994 justorum,
939 2918 1051 2975 luerunt
1065 2918 1187 2976 ultiones
1209 2921 1319 2995 peccati

121 3016 248 3084 actualis,
264 3016 307 3073 rel
324 3016 482 3091 originalis.

156 3115 208 3169 74.
231 3110 516 3186 concupiscentiam
530 3110 634 3167 renatis
657 3110 806 3194 relapsis
798 3128 826 3167 m
850 3119 997 3185 peecatum
1019 3111 1170 3177 mortale,
1163 3129 1192 3168 ιιι
1214 3113 1317 3186 quibus

113 3205 175 3278 jam
190 3205 360 3272 dominatur,
376 3216 524 3282 peccatum
539 3215 594 3272 est,
610 3206 683 3263 sicut
697 3205 727 3263 du
741 3205 790 3262 alii
805 3205 916 3262 habitus
932 3206 1021 3281 pravi.

156 3305 207 3359 75.
230 3301 330 3358 Motus
344 3303 422 3376 pravi
438 3291 687 3376 concupiscentie,
703 3314 770 3358 sunt
783 3319 836 3377 pro
845 3310 918 3359 statu
930 3301 1056 3361 hominis
1068 3301 1167 3369 vitiati,
1181 3303 1316 3379 prohibiti

115 3404 369 3471 praeceptumve
383 3396 581 3472 concupiscere
584 3394 683 3453 'unde
696 3395 783 3451 homo
797 3413 847 3451 eos
859 3397 996 3462 sentiens,
1008 3398 1038 3453 du
1050 3417 1109 3453 non
1123 3401 1316 3469 consentiens,

112 3491 319 3567 transgreditur
343 3502 557 3568 praeesptum,‘
570 3510 627 3549 non
653 3488 875 3565 coucupisces3’
901 3491 1036 3563 quamvis
1066 3495 1256 3571 tpausgressio
1288 3497 1317 3552 in

115 3594 269 3661 ροοοιιιιιιι
286 3605 343 3644 non
359 3586 1095 3662 deputetur..

155 3683 206 3738 76.
229 3680 362 3745 Quandiu
388 3681 494 3753 aliquid
516 3681 753 3755 concupiscentie
768 3679 911 3736 carnalis'
905 3698 932 3736 m
949 3677 1083 3754 diligente
1100 3687 1153 3745 est,
1171 3697 1229 3777 nou
1248 3681 1315 3741 facit

114 3784 305 3850 praeceptum,
321 3774 440 3852 Diliges
456 3775 624 3833 Dominum
640 3775 737 3832 Deum
752 3783 838 3832 tuum
854 3792 890 3834 ex
903 3780 963 3832 toto
976 3773 1060 3831 corde
1076 3780 1137 3832 tuo.

155 3874 206 3926 77.
236 3869 449 3927 Satissactioues
483 3871 630 3929 laboriose
658 3871 889 3946 justificatorum,
916 3888 973 3927 nou
1006 3869 1100 3926 valent
1133 3871 1250 3946 expiare
1279 3871 1314 3930 de

114 3961 261 4039 condigno
275 3983 389 4038 poeuam
404 3965 589 4040 temporalem
604 3977 755 4022 restantem
772 3973 837 4040 post
850 3964 963 4039 culpam
975 3963 1172 4021 condonatam.

156 4046 429 4119 78.'1mrnortaliras
443 4062 529 4137 primi
544 4063 668 4120 hominis
680 4080 738 4118 non
749 4071 808 4118 erat
822 4061 918 4136 gratie
928 4060 1108 4128 beneficium,
1119 4060 1170 4118 sed
1181 4065 1316 4125 naturalis

117 4154 260 4213 conditio.
789 4208 793 4215 ,

154 4253 204 4309 79.
228 4249 313 4308 Falsa
332 4263 377 4309 est
397 4252 555 4311 Doctorum
580 4253 732 4320 sententia,
754 4253 879 4329 primum
902 4252 1049 4310 hominem
1071 4252 1200 4327 potuisse
1221 4254 1317 4316 aDeo

111 4333 216 4413 eremi,
230 4345 258 4402 du
273 4346 384 4404 institui
399 4346 461 4406 sine
475 4348 588 4424 justitia
601 4347 732 4406 naturali.

197 4439 274 4498 Vos.
289 4439 410 4501 11.-at
