2744 5024
138 330 145 343 ἱ
237 315 240 321 ,
344 248 400 309 DE
422 244 714 311 PECCATORUM
735 247 1006 309 EXPIATIONE.
1218 255 1278 313 28⁶

61 380 64 395 Ι
122 398 194 465 Μ.
214 405 386 482 Perpetuem
407 405 664 479 luisse-utriusque
684 414 791 465 uaturse
811 405 842 463 in
866 424 923 463 uns
947 404 1046 486 Verbi.
1069 424 1191 482 persona
1209 426 1277 467 eon·

109 502 268 579 junctionem,
283 500 425 561 unionem
436 503 650 582 hypostaticam
663 520 714 560 seu
726 501 829 561 donent
842 501 987 578 'I'heologi
996 503 1102 561 celebri
1115 504 1255 563 axiomata
1268 524 1287 562 z⁴

114 595 177 668 Quod
187 595 274 657 semel
283 598 461 675 assumpsit,
481 616 636 676 numnam
650 597 766 655 dimisit
773 619 786 668 ‚·
804 598 887 674 juxta
901 596 971 655 illud
986 601 1018 685 s:
1034 598 1139 665 Paulis
1161 609 1181 636 ‘⁶
1191 599 1279 657 Jesns
1299 662 1302 673 ¹

111 692 215 754 tumus
229 692 292 751 heri
305 705 335 751 et
348 694 444 762 hodie,
458 695 522 772 ipse
536 705 565 754 et
578 696 608 753 in
622 690 774 753 secutum
807 687 841 751 ld
855 691 976 752 latentur
989 694 1141 753 nobiscum
1154 694 1280 770 Presby-

111 789 184 849 terieni
197 790 347 864 ceterique
362 792 500 850 secturii.2

227 1273 371 1336 CAPUT
391 1276 429 1333 V.
471 1275 528 1335 DE
551 1275 842 1335 PECCATORUM
864 1275 1135 1337 EXPIATIONE.

141 1448 194 1510 ttt.
214 1448 547 1531 Redimentllhominem
562 1448 789 1507 nausa'Verbum
812 1467 927 1507 samem
942 1451 1047 1510 sactum
1069 1471 1106 1509 ex
1120 1452 1203 1510 dictis
1217 1471 1285 1512 con·

112 1556 165 1605 ttatt
182 1553 303 1605 ettamen
317 1546 374 1605 hoo
386 1532 490 1605 divinae
506 1545 706 1603 misericordiae
719 1556 916 1622 argumentum
929 1547 1040 1605 clariori
1054 1547 1083 1605 in
1097 1548 1161 1606 lnce
1177 1546 1284 1625 p'onen·

114 1639 272 1713 dam'ostssltt
284 1642 479 1701 Unitnriorum
496 1652 524 1700 et
538 1642 789 1701 Rationalistarum
803 1642 940 1719 impietati
953 1644 1065 1702 obviam
1080 1657 1168 1703 eatur.
1190 1643 1284 1704 Fateri

71 1773 77 1784 -
113 1735 203 1807 quidem
222 1740 334 1815 oportet
359 1736 453 1796 Deum
476 1737 604 1814 potuisse
626 1737 689 1794 aliis
712 1737 867 1795 rationibus
889 1738 999 1796 homini
1019 1739 1101 1813 lapso
1122 1741 1284 1808 subvenire,

113 1846 258 1910 quapropter
271 1832 301 1891 id
314 1845 450 1910 negantes
467 1833 566 1892 meritis
582 1833 673 1909 arguit
687 1834 882 1908 Augustinus:
906 1842 926 1870 “
938 1833 1012 1891 Sunt
1023 1835 1100 1891 stulti
1113 1836 1163 1907 qui
1176 1835 1285 1902 dieunt,

113 1939 155 1983 non
167 1940 268 2005 poterat
282 1929 362 1986 aliter
377 1930 515 2006 sapientia
527 1928 583 1987 Del
597 1916 729 1986 homines
743 1927 873 1994 liberare,
886 1927 942 1984 nisi
955 1928 1114 2004 susciperet
1127 1929 1285 1996 hominem,

112 2028 294 2081 sciscerent
308 2027 345 2082 ex
365 2024 489 2091 faemina,
505 2036 535 2083 et
550 2044 573 2103 a
595 2022 788 2099 peccatoribus
810 2022 907 2080 omnia
926 2023 974 2079 illu
1002 2035 1160 2099 pateretur:
1183 2024 1286 2097 quibus

111 2111 218 2185 lirinus,
235 2132 344 2195 poterat
357 2120 495 2177 omnino:
518 2118 568 2176 sed
584 2119 704 2176 sialiter
720 2118 809 2186 lieret,
826 2118 957 2176 similiter
971 2129 1071 2178 vestroe
1092 2120 1217 2177 stultitiae
1233 2119 1288 2177 dis·

110 2206 253 2281 plieeret.”³
293 2215 439 2287 Equidem
454 2214 553 2272 dicunt
566 2214 710 2290 Theologi
735 2214 850 2286 quidem
866 2223 1013 2290 peceatum
1036 2214 1175 2273 infinitam
1191 2233 1288 2287 quam·

108 2300 161 2367 ltin
173 2304 304 2370 malitiam
319 2311 494 2388 pressione,
514 2309 712 2368 extrinsecam
726 2311 846 2378 scilicet,
861 2303 1000 2382 quatenus
1022 2311 1051 2368 in
1067 2331 1211 2371 summam
1232 2312 1289 2372 Dei

105 2404 265 2481 najestatem
278 2409 367 2466 homo
381 2406 534 2485 perduellis
547 2407 714 2474 ostenditur,
724 2406 845 2480 ideoque
858 2406 1051 2483 expiationem
1066 2408 1209 2485 postulare
1221 2429 1290 2483 quo·

102 2486 242 2560 &nmmo
267 2502 418 2561 infinitam.
461 2501 510 2559 Ex
535 2500 693 2578 hypothesi
718 2503 804 2578 igitur
828 2500 905 2574 quod
931 2500 1010 2560 Deus
1032 2503 1151 2561 soluerit
1175 2505 1293 2580 plenam<

98 2593 326 2664 mislaetionem
336 2614 398 2654 eam
410 2596 524 2655 nonnisi
539 2615 555 2652 a
569 2595 667 2652 divine
674 2614 796 2671 persona
807 2596 836 2652 in
848 2605 946 2652 natum
957 2608 1104 2670 assumpta
1114 2595 1194 2653 reddi
1203 2616 1290 2672 posse

93 2675 202 2757 donent,
216 2704 247 2750 ut
257 2692 367 2749 seilicet
375 2691 496 2769 dignitas
507 2691 627 2758 inlinita,
640 2709 658 2746 a
666 2708 787 2766 persona
800 2688 896 2746 divina
909 2687 1082 2755 derivata,
1055 2707 1114 2747 mm
1126 2700 1154 2746 et
1165 2690 1291 2748 valorem

87 2775 225 2845 ttibneret
246 2787 449 2845 humiliationi
481 2785 589 2844 Hinc
582 2803 643 2862 rpse
659 2785 838 2860 Augustinus
853 2781 1067 2841 animadvertit:
1091 2782 1225 2855 “Neque
1241 2803 1291 2860 per

82 2860 186 2944 'ptum
200 2883 385 2942 liberaremur
404 2902 494 2942 nuum
513 2882 698 2941 mediatorem
720 2880 776 2938 Dei
790 2891 818 2936 et
840 2878 989 2936 hominum
1004 2878 1106 2937 lesum
1130 2877 1295 2948 Christum,

78 2963 152 3035 ”ht
163 2990 238 3037 esset
248 2988 277 3036 et
291 2977 393 3036 Deus.’
397 2978 420 3014 ’⁴

135 3064 201 3129 1'1'e.
223 3072 418 3130 Rationalistae
434 3089 491 3128 non
506 3070 662 3128 diffitentur
672 3069 806 3128 doctrinae
823 3067 969 3135 catholice
982 3066 1017 3125 de
1033 3067 1169 3144 piaenlnri
1181 3067 1292 3128 Christi

69 3161 233 3247 ⁸&verificis
256 3177 276 3204 ‘⁸
287 3168 469 3226 fundamenta
490 3178 520 3224 et
539 3168 602 3242 ipsa
628 3179 773 3225 momenta
797 3166 907 3242 potiora
932 3165 961 3224 in
987 3164 1123 3225 librorum
1147 3186 1294 3227 sacrorum
1328 3234 1331 3243 Ι

66 3250 185 3319 ‘flacit
200 3263 345 3321 nonnullis
360 3281 426 3321 vere
440 3262 579 3319 contineri
592 3265 614 3318 :⁶
633 3262 684 3320 sed
699 3262 727 3320 id
742 3261 896 3338 contigisse
912 3270 1032 3321 censent
1050 3259 1084 3318 ad
1099 3260 1197 3321 odium
1211 3273 1243 3320 et·
1253 3263 1296 3340 ig·

64 3348 249 3415 ”amintam
265 3357 399 3433 supplicii
410 3357 483 3415 iesu
499 3356 616 3414 Christo
632 3357 699 3414 illati
714 3356 923 3414 amovendum!
951 3429 953 3434 Ι

140 3454 203 3510 lttt.
227 3452 350 3511 Unitarii
366 3465 470 3528 negant
485 3451 634 3509 Christum
655 3452 767 3526 generis
792 3450 909 3507 humani
930 3460 1046 3525 peccata
1060 3468 1112 3507 sua
1134 3462 1224 3510 morte
1245 3471 1294 3510 ex·

67 3541 216 3617 piasset
229 3556 296 3607 eum
313 3549 390 3606 enirn
405 3550 509 3606 habent
524 3547 610 3604 veluti
625 3546 770 3603 hominem
786 3545 921 3601 divinitus
944 3547 1123 3612 suscitatum,
1139 3561 1170 3604 ut
1183 3549 1294 3605 virtutis

148 3745 157 3790 l
250 3781 256 3792 .
346 3777 353 3790 .

131 3743 172 3893 dt}
191 3744 250 3876 ῗὲἰ
258 3758 311 3876 thhld
321 3746 371 3876 cha
382 3826 469 3886 whole,
481 3825 578 3889 perfect,
589 3823 637 3872 and
648 3821 747 3871 distinet
757 3829 864 3883 natures,
875 3821 916 3872 the
927 3819 1045 3870 Godhead
1053 3819 1103 3871 ond
1113 3819 1156 3871 the
1166 3822 1297 3885 nranhood,

69 3901 159 3958 *Oete
169 3911 320 3974 inseperably
328 3911 412 3975 joined
421 3911 529 3973 together
537 3910 562 3958 in
574 3924 621 3957 one
628 3921 723 3970 person,
730 3905 834 3955 without
841 3905 991 3964 conversios,
1001 3903 1169 3968 composition,
1177 3921 1205 3957 or
1213 3910 1298 3958 contu.

133 4080 174 4144 (3)
194 4078 224 4129 L.
236 4080 266 4128 de
278 4096 356 4141 agone
367 4079 499 4129 christiano
510 4096 530 4128 e.
543 4078 586 4126 xit.

132 4163 175 4232 (4)
194 4163 357 4212 Enchlridion
368 4179 389 4211 c.
404 4164 461 4212 108.

134 4249 176 4315 (5)
190 4247 367 4310 Wegseheider
379 4251 393 4306 ς
407 4250 463 4296 tst.
474 4246 514 4296 cit.
526 4262 540 4294 a
552 4245 659 4295 Petrone
669 4243 751 4293 Trnct.
762 4244 793 4293 de
808 4241 978 4292 incarnatione
995 4257 1019 4305 p.
1030 4239 1056 4290 ii.
1064 4256 1086 4290 e.
1098 4240 1128 4290 vi.
1140 4257 1165 4293 n.
1179 4245 1237 4293 621.
1248 4253 1298 4296 not

131 4331 200 4399 (6)⁴
201 4331 268 4380 ‘We
279 4332 310 4381 do
321 4339 365 4381 not
375 4331 467 4380 believe
478 4330 531 4380 that
543 4328 627 4378 Christ
638 4329 683 4379 has
694 4345 755 4378 enee
767 4327 857 4379 offered
865 4327 966 4376 himself
979 4341 1013 4389 up
1025 4341 1039 4374 s
1049 4325 1159 4390 sacrifia
1170 4333 1196 4377 te
1194 4329 1304 4403 satisfy‘

87 4410 179 4465 dimne
193 4416 291 4481 justice,
302 4415 351 4465 end
367 4413 484 4466 reconcile
501 4430 531 4464 us
543 4423 568 4464 to
580 4412 658 4463 Godt’
694 4412 808 4463 Abstrsct
819 4413 847 4463 of
861 4411 992 4462 Unitnrien
1002 4410 1081 4469 belief,
1093 4409 1223 4462 Unitarisu
1239 4412 1299 4463 Mis·

90 4499 329 4566 estuny,vot.·1..p
346 4501 384 4547 te.
