2744 5024
367 275 426 352 nit
447 277 631 362 tonnus
650 258 947 357 annotantem.
1185 240 1247 356 att
1299 370 1322 399 κ

61 465 176 526 personae
191 445 320 507 dicenda
335 457 402 506 sunt
415 447 509 506 unita
523 447 569 507 vel
584 447 758 526 conjunctu,
768 467 805 507 ne
818 449 1037 528 compositionis
1051 450 1131 509 notio
1144 452 1245 511 subsit.

61 543 140 603 liade
153 562 240 602 causa
252 541 410 619 multiplex
423 543 469 601 vel
489 541 599 621 triplex
609 544 734 601 essentia
747 563 805 602 non
824 554 869 603 est
881 545 1071 623 nuncupanda
1082 565 1091 615 3
1106 545 1157 605 sed
1177 559 1247 606 usus

61 643 129 702 habet
148 651 180 699 ut
193 641 276 700 Deus
298 640 399 715 trinus
419 640 538 708 dicatus,
557 641 593 698 ob
609 649 667 698 tres
689 641 718 699 in
733 661 791 700 una
811 643 937 701 essentia
956 660 1106 720 personas,
1121 643 1248 706 undeet

69 735 213 798 liinituta's
235 753 353 795 nomen.
394 737 480 795 Pater
501 735 581 795 nlius
601 745 646 794 est
664 754 682 794 a
702 737 789 807 Filio,
804 755 862 796 non
882 737 977 808 uliud,
999 738 1112 798 diversa
1130 726 1248 813 quidem

64 849 178 911 pantana,
193 831 247 890 sed
261 830 383 890 eandem
396 830 506 889 habens
520 832 686 890 essentiam.

95 931 157 987 tot.
179 926 317 992 Nomina
336 925 473 986 absoluto
495 933 629 986 concreto
647 924 836 986 substantioe
857 927 994 1006 singulari
1007 939 1115 1001 tantum
1129 948 1249 989 numero

69 1024 210 1104 usurpanda
222 1034 309 1091 suntt
330 1043 405 1084 unua
418 1025 562 1102 igiturest
574 1025 666 1094 Deus,
679 1042 753 1084 nnus
769 1021 932 1085 Dominus:
955 1024 1007 1085 sed
1016 1000 1176 1106 ¹&jectivus
1190 1027 1250 1086 affi-

70 1122 129 1181 eiunt
141 1134 305 1198 personam,
317 1119 440 1193 ideoque
454 1119 557 1195 plurali
571 1138 691 1179 numero
712 1117 769 1178 dici
789 1129 920 1197 possunt.
962 1120 1102 1179 Absoluta
1115 1131 1250 1180 concreta

71 1216 202 1291 siquando
216 1217 378 1276 referuntur
390 1216 426 1274 ad
447 1217 620 1275 essentiam:
644 1226 665 1254 ‘⁶
678 1217 758 1275 Deus
778 1216 848 1277 lecit
861 1216 1048 1277 mundum.”¹
1088 1217 1251 1291 Aliquando

72 1313 207 1391 aspiciunt
230 1330 384 1389 personam
408 1307 533 1385 aliquam
557 1311 694 1380 divinam,
719 1313 879 1389 praesertim
903 1313 1039 1373 Patrem:
1066 1320 1086 1350 ⁴⁸
1099 1313 1149 1371 Sia
1170 1312 1251 1370 Deus
1335 1353 1339 1362 1

75 1408 152 1473 ussit
164 1407 314 1476 mundum,
329 1417 360 1466 nt
373 1406 479 1467 Filium
495 1426 579 1466 suum
594 1408 771 1485 unigenitum
785 1408 911 1468 daret.”⁹

106 1508 167 1574 2⁰7·
187 1503 263 1562 llaeo
279 1503 386 1562 dixisse
400 1503 524 1568 sufficiat
537 1501 572 1561 de
593 1503 734 1562 altissimo
751 1506 900 1581 mysterio,
922 1505 999 1580 quod
1019 1504 1135 1565 adorare
1155 1504 1251 1582 potius

79 1610 145 1677 quem
156 1600 272 1659 scrutari
288 1608 411 1678 proestat.

496 1824 498 1827 ·
548 1793 586 1852 (1)
604 1789 658 1838 Act.
667 1787 726 1837 xvii.
737 1790 779 1838 24.

555 1871 590 1934 (2)
609 1872 680 1923 loss.
691 1871 725 1922 iii.
737 1873 776 1922 16.
