2730 5018
326 258 385 322 DE
405 260 555 321 MORTE
570 260 747 322 CHRISTI
767 261 849 323 PRO
871 262 1071 324 OMNIBUS.
1238 262 1298 324 tou

89 421 170 482 rent,
185 432 251 489 qute
264 415 301 475 ad
316 418 402 477 ritum
416 392 551 495 affinem
564 418 627 477 solu
647 417 794 494 perducit3
815 420 940 478 etmulti
960 421 990 478 iu
1004 437 1089 478 eruce
1103 417 1214 479 Christi
1234 418 1298 496 qlo-

92 505 213 580 r'tuutes,
228 521 258 570 et
269 514 305 572 ab
318 513 418 573 eudem
431 514 477 572 vis
489 532 548 573 uon
560 512 738 582 recedentes,
752 514 864 573 etiamsi
885 515 940 573 ista
953 532 1020 588 qum
1038 514 1226 574 subtilissime
1238 514 1296 572 dia·

94 615 240 674 seruntur,
254 607 395 685 ignorant,
409 610 548 683 quianon
563 611 636 686 perit
649 628 723 667 uuus
738 628 776 667 ex
789 610 845 668 illis
861 629 915 687 pro
929 612 1034 684 quihus
1048 620 1177 671 mortuus
1191 619 1245 677 eet,
1260 609 1296 667 sd

35 726 38 737 ·
96 700 219 760 eudon
240 705 406 778 pervenient
419 705 614 772 eternitatem,
637 705 794 773 veritatem,
809 707 964 775 caritatem,
977 706 1008 765 id
1029 715 1082 774 est,
1098 704 1135 764 od
1155 704 1297 772 stabilem,

99 807 215 866 cenem,
222 799 394 876 plenumque
402 800 577 870 felicitatem,
589 802 637 859 ubi
647 802 837 870 manentibus,
848 802 1021 873 ridentibus,
1030 802 1190 862 amontibur
1199 810 1300 860 cuncte

103 904 166 950 suot
176 895 360 971 perspicuu.’‘
391 897 464 955 Haec
478 897 514 955 de
522 897 649 956 efficscia
660 898 770 957 Christi
782 899 986 977 redemptionis
995 901 1146 959 vedssims
1156 910 1233 966 suut,
1245 916 1299 957 nec

103 988 253 1047 excludunt
264 992 438 1051 oblah'onem
449 994 623 1068 generalem,
640 1012 727 1066 quern
737 995 791 1052 ulia
803 995 951 1055 adstruunt
963 997 1144 1057 testimonia:
1167 994 1299 1054 “Omnes

108 1080 193 1154 itaque
207 1085 313 1142 mortui
325 1087 437 1143 suntin
451 1088 586 1161 peccetis,
601 1088 680 1143 nullo
695 1107 812 1161 prorsus
831 1100 953 1164 excepto
974 1132 983 1147 .
1005 1133 1014 1146 .
1034 1132 1043 1147 .
1065 1133 1073 1146 .
1095 1099 1190 1165 cipro
1203 1089 1296 1149 omni·

110 1177 151 1234 bos
164 1180 282 1237 normis
297 1180 380 1238 rivus
404 1192 534 1238 mortuus
547 1189 592 1236 est
611 1197 696 1247 unus,
713 1180 741 1236 id
761 1190 816 1247 est,
831 1182 942 1239 nullum
965 1183 1075 1240 hebens
1095 1182 1213 1241 omniuo
1234 1199 1299 1259 peu·

109 1273 239 1330 cetum.”²

68 1382 71 1389 ·
137 1370 205 1424 208.
230 1366 297 1448 Ohj.
313 1374 342 1427 h.
364 1368 396 1426 S.
412 1368 543 1426 Thomas
557 1368 686 1442 Aquinas
701 1367 787 1427 dicit:
811 1369 977 1428 “Christus
990 1386 1050 1428 nou
1063 1370 1155 1428 orarit
1168 1388 1223 1448 pro
1236 1388 1297 1430 our·

102 1462 179 1523 uibus
193 1466 421 1533 crucifixoribus,
435 1482 531 1539 usque
544 1465 629 1523 etiam
644 1482 696 1538 pro
710 1467 843 1525 omnibus
858 1467 907 1540 qui
920 1476 1000 1526 eraut
1012 1466 1145 1527 credituri
1159 1467 1190 1527 iu
1204 1484 1289 1536 eum3

96 1557 146 1618 sed
159 1577 213 1635 pro
228 1560 274 1619 hia
288 1562 394 1629 solum,
409 1561 460 1634 qui
471 1569 554 1619 erant
567 1560 805 1638 predestinatum

133 1656 205 1713 20⁹.
225 1653 314 1734 Resp.
335 1654 448 1715 Christi
460 1656 552 1715 oratio
565 1657 602 1714 iis
616 1657 773 1733 presertim
786 1656 892 1734 profuit
902 1674 975 1730 quos
989 1657 1053 1734 ipse
1064 1656 1182 1735 speciali
1193 1656 1297 1717 effectu

88 1752 232 1831 prosequi
244 1751 377 1830 dignutus
389 1762 445 1820 est,
459 1752 537 1811 etad
551 1753 669 1830 glorium
684 1753 816 1812 evehere.
857 1752 971 1812 Dicitur
981 1762 1077 1814 autem
1097 1754 1160 1812 as.
1176 1752 1295 1816 Thomu

35 1834 37 1883 ³
87 1862 154 1909 uou
167 1864 266 1906 orasse
287 1864 341 1925 pro
363 1847 509 1916 omnibus,
524 1848 593 1920 quia
614 1847 743 1907 absoluta
762 1857 792 1905 et
804 1846 914 1906 efficaci
932 1847 1078 1907 soluntrts
1092 1858 1151 1908 nort
1163 1848 1294 1910 omnium

85 1941 215 2019 expetiit
227 1942 358 2011 salutem,
370 1941 421 2000 sed
435 1942 466 2000 in
479 1942 624 2022 nonnullis
638 1943 743 2002 serrari
759 1943 849 2020 jussit
863 1942 982 2020 justitie
992 1942 1069 2020 juro,
1080 1944 1165 2020 juxte
1175 1942 1291 2021 prolun-

88 2036 214 2097 dissimu
226 2054 286 2096 sus
299 2037 446 2115 replentis
460 2036 590 2096 consilio.
620 2036 749 2097 Mentem
762 2054 845 2097 suum
859 2037 929 2096 slis·
941 2038 1083 2115 explicet:
1107 2047 1130 2077 ‘⁸'
1139 2038 1292 2106 Voluutus,

35 2114 37 2127 ¹
98 2141 134 2192 ut
144 2141 249 2200 ustum,
271 2141 317 2190 cst
337 2131 373 2191 de
390 2131 721 2206 sesquiundecima
742 2133 908 2210 bonitatem,
921 2148 981 2192 non
1000 2133 1180 2193 considerato
1190 2133 1290 2193 ordine

102 2226 206 2304 eiusad
219 2228 312 2297 aliud;
332 2228 407 2287 unde
423 2228 551 2287 uoluntas
566 2229 629 2286 tulis
643 2229 673 2287 in
688 2228 806 2287 Christo
819 2229 873 2287 luit
885 2228 921 2287 de
934 2229 1025 2288 sulutc
1038 2230 1200 2298 hominum,
1214 2231 1291 2289 sieut

106 2323 224 2382 uoluntas
247 2321 300 2380 luit
323 2323 354 2381 in
378 2322 461 2392 Deo;
487 2322 539 2380 sed
557 2322 714 2382 secuudum
738 2324 812 2383 hauc
836 2324 1005 2400 simpliciter
1026 2333 1057 2382 et
1080 2324 1208 2384 absolute
1232 2341 1292 2384 nou

35 2434 47 2469 u
110 2418 197 2477 dicitur
208 2416 311 2490 uliquis
325 2417 419 2475 velle:
440 2416 515 2475 hanc
529 2427 623 2475 autem
639 2417 814 2476 voluntatem
828 2418 917 2495 Hugo
931 2418 967 2477 de
981 2419 1014 2478 S.
1028 2418 1146 2478 Victore
1160 2417 1229 2476 dicit
1243 2436 1291 2476 so·

112 2514 229 2573 luutateur
241 2511 366 2587 pietatis.
406 2509 467 2569 Sed
479 2510 623 2578 volentes,
637 2519 670 2568 ut
682 2511 765 2579 retio,
779 2520 824 2570 eat
837 2510 872 2570 de
883 2530 932 2579 eo,
946 2511 1025 2586 quod
1038 2512 1124 2570 hebet
1137 2512 1293 2573 bonitatem

35 2613 50 2652 ²
110 2604 474 2674 etianinordineudaliud,
485 2615 515 2664 et
525 2605 682 2665 secundum
693 2607 766 2665 hauc
778 2607 952 2666 voluntatem
961 2624 1021 2667 non
1031 2606 1144 2665 volebat
1154 2606 1290 2666 Christus

35 2688 44 2739 i
111 2720 194 2763 omues
205 2701 320 2770 salveri,
333 2701 409 2760 sicut
420 2719 475 2761 nec
495 2702 576 2761 Deua
590 2701 733 2761 voluntate
755 2711 970 2776 consequente3
991 2711 1021 2761 et
1033 2701 1193 2762 secuudum
1214 2701 1290 2763 hunc

108 2795 195 2855 dicitur
205 2795 309 2869 aliquia
319 2795 488 2875 simpliciter
500 2804 529 2853 et
541 2795 669 2853 absolute
683 2795 774 2853 selle:
797 2805 826 2854 et
838 2795 904 2856 ideo
915 2797 1005 2855 oratio
1020 2795 1142 2865 Christi,
1157 2796 1291 2871 quescit

108 2889 249 2949 erundum
260 2888 336 2948 huuc
349 2888 533 2958 voluntatem,
555 2889 609 2947 suit
622 2887 771 2957 exauditu
797 2908 855 2949 non
869 2900 964 2950 sutem
978 2907 1041 2963 quae
1060 2890 1116 2950 suit
1128 2888 1288 2950 secuudum

109 2985 233 3063 primam
256 2992 288 3042 et
303 2983 369 3042 ideo
383 2982 453 3042 dicit
466 2983 677 3059 Hieronymus,
693 2982 770 3057 quod
782 2983 917 3043 Christus
930 2984 1081 3044 exsuditua
1093 2994 1138 3043 est
1150 3001 1204 3063 pro
1218 3002 1290 3063 pre·

105 3079 248 3148 memus,
262 3097 321 3137 nou
335 3089 428 3139 autem
444 3098 496 3155 pro
510 3097 569 3137 nou
583 3079 843 3155 praedestiuatia.’'⁸

133 3179 189 3235 tro
211 3173 280 3254 Ohj.
292 3178 325 3233 6.
343 3174 394 3234 Ex
407 3174 599 3233 controversia
612 3192 676 3247 quoe
693 3175 723 3233 in
738 3174 843 3233 Galliis
856 3193 934 3236 nono
946 3174 1053 3235 seculo
1065 3176 1182 3246 exarsit,
1197 3177 1289 3252 liquet

99 3272 240 3349 pbroaque
263 3271 411 3329 censuisse
432 3270 580 3330 Christum
603 3289 656 3347 pro
674 3269 881 3347 predestinatis
901 3280 1010 3331 tautum
1033 3281 1197 3332 mortuumt
1218 3290 1287 3333 num
1301 3302 1318 3329 a

93 3364 188 3443 rejecit
205 3362 372 3423 Concilium
392 3363 596 3442 lugdunense,
618 3363 740 3441 prreside
763 3365 794 3424 S.
818 3366 963 3444 Remigio,
985 3366 1109 3443 capitulo
1130 3365 1286 3436 carisiaco,

90 3460 192 3535 quibua
203 3478 281 3519 ruore
292 3458 403 3519 Christi
414 3479 466 3538 pro
474 3461 609 3521 omuibus
621 3461 836 3537 agnoscebatur,
845 3470 875 3519 et
884 3462 1110 3521 consentientem
1121 3462 1177 3521 sibi
1187 3463 1289 3522 hebuit

85 3552 241 3630 synodum
254 3553 447 3613 Valentinum.
470 3554 520 3613 Sic
533 3564 563 3613 et
576 3555 608 3612 S.
621 3553 793 3613 Prudentius
805 3554 991 3611 Tricassinus
1004 3553 1178 3614 credendum
1189 3555 1286 3615 docuit

85 3657 183 3707 “cum
194 3649 329 3709 omuibus
343 3648 501 3718 catholicis,
515 3649 685 3727 sanguinem
701 3647 820 3707 Domini
834 3647 924 3706 nostri
938 3646 1010 3706 Jesu
1025 3646 1136 3706 Christi
1157 3665 1210 3725 pro
1224 3667 1285 3707 om·

81 3744 171 3804 uibus
183 3745 303 3803 omnino
316 3744 483 3804 hominibus
498 3763 536 3802 ex
550 3754 610 3802 toto
631 3743 739 3802 mundo
750 3744 781 3802 in
800 3761 866 3801 eum
889 3742 1070 3800 credentibus
1084 3743 1202 3812 fusum3
1225 3762 1285 3803 uon

76 3850 179 3899 autem
192 3860 246 3917 pro
258 3840 327 3908 illis,
341 3841 391 3914 qui
405 3858 561 3914 numquam
581 3841 611 3899 in
633 3858 700 3898 eum
722 3838 903 3907 crediderint,
918 3856 973 3898 uec
992 3837 1137 3914 hodieque
1150 3839 1281 3911 credunt,
1298 3902 1320 3917 Ι,

77 3954 298 4013 numquamque
312 3936 445 3995 credituri
458 3936 573 3995 sunt”⁴
1312 3946 1316 3955 '

348 4171 391 4235 (1)
410 4168 441 4219 1,
452 4184 495 4218 xx.
505 4168 537 4218 ds
548 4168 594 4218 cis.
605 4167 661 4218 Dei.
672 4184 694 4218 c.
706 4170 730 4218 d.

346 4255 390 4322 (2)
411 4255 436 4302 8.
445 4268 470 4317 p.
481 4269 523 4317 qm
534 4256 575 4305 21.
586 4260 631 4304 nrt.
641 4253 666 4300 4.

349 4335 394 4402 (8)
411 4333 467 4386 Lib.
478 4336 513 4386 iii.
523 4343 627 4386 unhul.
638 4334 693 4384 dist
705 4334 744 4383 lr.
755 4341 798 4385 ert.
809 4334 834 4396 2,
843 4350 868 4400 q.
878 4339 904 4386 Ξ.
959 4406 963 4412 .

346 4421 389 4491 (4)
409 4419 457 4492 Bp.
468 4421 499 4474 ed
511 4420 671 4477 Wettiloueut
682 4418 858 4474 &conensem
