2730 5018
329 248 390 309 ni:
407 248 657 349 DlVINITATE
679 250 870 312 SPIRITUS
891 249 1055 309 SANCTI.
1237 249 1295 311 teu

91 406 174 457 tatem
189 402 351 463 scientie.”
383 404 426 464 lta
443 408 636 465 Ambrosius.²
677 408 726 466 Sic
740 418 769 465 et
782 406 948 483 Didymus:
972 404 1070 463 “Hoo
1089 412 1143 475 est,
1157 418 1215 459 non
1229 401 1300 460 sine.

95 511 149 560 me,
163 505 194 552 et
217 497 314 556 Patris
327 501 462 559 arbitrio:
486 503 554 574 quia
575 502 772 580 inseparabilis
788 521 804 560 a
824 521 888 561 msa
908 512 937 560 et
960 500 1055 559 Patris
1074 508 1119 556 est
1139 497 1290 555 voluntate.

95 585 165 651 Quia
181 608 242 648 non
256 609 294 649 ex
308 611 350 659 se,
365 595 416 652 sed
431 613 468 653 ex
483 596 567 653 Patre
583 606 612 653 et
627 615 671 654 me
686 608 740 656 eet.
755 612 758 619 ’
782 597 848 655 Hoc
861 597 939 655 enim
955 597 1049 672 ipsum
1061 591 1138 667 quod
1153 591 1291 661 subsistit,

96 692 122 737 et
133 680 270 754 loquitur,
285 706 302 744 a
316 689 402 746 Putre
416 700 444 747 et
459 690 557 764 meilli
570 690 662 749 est-”¹
704 701 723 729 “
735 692 779 750 Ab
794 692 844 750 illo
858 690 984 758 audiet,'’
998 689 1090 763 inquit
1102 687 1290 764 Augustinus,

98 785 138 833 “a
150 795 210 849 quo
224 783 364 856 procedit.
406 785 513 843 Audire
527 786 568 845 illi
584 788 657 844 scire
673 796 736 845 est:
758 789 832 846 scire
847 786 913 845 verb
928 785 1038 845 esee.'’³
1078 784 1197 843 Fallitur
1211 781 1291 839 Orel-

96 872 143 928 lius
157 873 246 932 verba
262 875 371 936 Christi
382 879 507 939 humano
520 899 607 938 sensu
622 881 819 958 interpretans,
834 881 965 959 neglecto
976 880 1084 947 divino,
1099 877 1176 952 quod
1196 875 1289 953 respi-

99 966 181 1033 ciunt,
197 973 349 1045 mysterio.
393 974 476 1033 Nihil
500 976 620 1051 Spiritui
634 976 739 1034 Sancto
761 976 925 1045 detrahitur,
947 976 1063 1035 aPatre
1088 971 1240 1038 audiendo,
1255 970 1290 1028 de

97 1059 157 1116 Filii
178 1064 363 1134 substantia,⁴
378 1087 441 1140 quse
462 1079 492 1126 et
512 1070 605 1128 Patris
623 1081 677 1138 est,
698 1071 883 1146 accipiendo:
905 1070 1023 1146 originis
1045 1069 1122 1126 enirn
1137 1065 1217 1134 ordo,
1232 1081 1291 1123 non

93 1152 206 1213 inferior
229 1160 360 1231 quasdam
382 1175 492 1231 natura,
516 1176 643 1241 ternpore
665 1167 815 1241 posterior,
837 1166 882 1223 liis
908 1165 1057 1223 indicatur.
1099 1162 1169 1221 Ideo
1194 1171 1289 1220 autern

95 1247 228 1309 Christus
253 1254 324 1313 haec·
340 1256 450 1316 dixisse
472 1258 633 1318 censendus
658 1271 711 1328 est,
731 1271 762 1318 ut
786 1260 919 1337 Apostoli
939 1258 1129 1335 intelligerent
1151 1256 1289 1333 Spiritum

93 1342 238 1410 Sanctum.
261 1368 326 1422 quae
348 1351 482 1411 Christus
508 1354 660 1412 tradiderat
683 1356 713 1413 in
737 1366 861 1414 mentem
887 1356 943 1414 illis
969 1364 1175 1419 revocatumm,
1201 1367 1290 1422 quum

91 1438 351 1514 eademtrerelaret,
366 1464 404 1504 ex
417 1448 518 1507 eodem
534 1449 655 1507 Deitatis
670 1451 747 1508 fonte
762 1449 895 1508 derivata.
938 1449 1076 1508 Dolentes
1097 1445 1132 1505 de
1157 1445 1290 1522 proximo

92 1552 142 1593 suo
157 1557 275 1599 recessu
296 1545 451 1619 Apostolos
472 1546 613 1604 consolari
638 1547 724 1604 etiam
747 1547 844 1614 voluit,
860 1547 1038 1605 Paracletum
1059 1545 1094 1602 iis
1117 1540 1288 1621 pollicendo,

89 1631 138 1703 qui
152 1635 285 1710 eJ'usdem
300 1638 403 1697 divinae
418 1642 573 1717 majestatis
588 1661 705 1700 consors
721 1654 774 1710 est,
790 1642 923 1714 idemque
938 1643 1029 1700 Deus.

128 1732 180 1786 84.
209 1731 277 1812 obj.
300 1739 329 1795 7.
353 1746 372 1773 ‘⁸
385 1736 451 1814 lpse
467 1738 590 1814 Spiritus
613 1739 736 1813 postulat
757 1759 809 1816 pro
823 1740 905 1797 nobis
926 1739 1080 1816 gemitibus
1100 1735 1289 1795 inenarrabili·

89 1825 191 1882 bus.”⁵
231 1828 264 1886 ld
280 1829 314 1888 de
330 1830 427 1889 divina
440 1852 563 1908 persona
576 1836 699 1911 cogitare
714 1835 793 1893 nefas
808 1847 861 1893 est.

124 1926 176 1980 85.
199 1922 290 2001 Reep.
312 1925 463 1986 Postulare
484 1930 640 2004 pronubis
662 1928 765 1989 dicitur
786 1931 913 2007 Spiritus
935 1928 1068 1995 Sanctus,
1090 1927 1157 2000 quia
1177 1924 1289 2003 adjurat

90 2017 285 2078 infirmitatem
302 2033 437 2090 nostram,
460 2037 488 2081 et
508 2025 630 2100 gemitus
645 2026 758 2093 excitat,
774 2044 811 2082 ex
833 2026 932 2083 intimo
953 2023 1038 2081 eorde
1059 2023 1181 2098 suspiria
1195 2021 1287 2080 ducta.

90 2113 147 2171 Per
158 2128 300 2191 promto
313 2115 341 2175 id
355 2119 526 2186 enuntiatur,
541 2120 618 2192 quod
633 2120 667 2178 de
682 2121 764 2178 nobis
780 2120 951 2196 intelligatur
965 2136 1083 2176 neccsse
1097 2117 1165 2176 est.⁸
1204 2116 1290 2184 Quod

90 2221 184 2269 sutem
201 2212 357 2289 postulare
372 2215 489 2283 dicatur,
507 2216 693 2275 Hebraeorum
709 2236 787 2276 more
802 2217 943 2294 significat
956 2234 1023 2273 enm
1037 2215 1129 2273 secere
1150 2223 1181 2271 ut
1195 2224 1290 2291 postu·

37 2368 41 2377 ,
87 2306 190 2374 buius,
206 2309 313 2367 variata
326 2311 402 2368 enim
420 2312 619 2388 conjugatione
635 2314 724 2381 verbi,
742 2312 919 2389 significatio
927 2310 1092 2368 transfertur
1105 2307 1139 2366 ad
1151 2309 1291 2367 actionem

37 2446 39 2455 .
90 2420 176 2474 quarn
191 2403 276 2470 alius,
292 2405 374 2462 nobis
390 2406 612 2483 impellentibus,
627 2407 703 2464 facit.
737 2407 806 2464 Ideo
820 2405 855 2463 de
870 2424 905 2464 eo
920 2403 1096 2482 predicatur,
1111 2403 1150 2461 uti
1166 2402 1290 2461 animad·
1291 2468 1308 2485 .

92 2500 173 2557 vertit
192 2501 347 2576 preclarus
360 2495 458 2561 doctor
479 2504 667 2580 Augustinus,
683 2504 772 2576 quia‘
776 2504 878 2562 ‘nobie
899 2498 1096 2578 interpellandi
1110 2510 1138 2557 ct
1158 2498 1306 2577 gemendi

91 2597 210 2673 inspirat
235 2598 380 2657 affectum.
423 2600 505 2658 Sicut
524 2599 621 2658 illud
614 2620 642 2658 in
665 2599 844 2676 Evangelio:
868 2599 959 2656 ‘Non
980 2598 1058 2655 enim
1080 2615 1131 2654 vos
1151 2597 1219 2653 estis
1241 2596 1290 2668 qui

91 2694 251 2767 loquimini,
268 2694 318 2778 sed
333 2696 457 2772 Spiritus
472 2696 565 2754 Patris
582 2697 668 2754 vestri
683 2697 732 2770 qui
747 2697 871 2770 loquitur
885 2695 914 2752 in
930 2693 1055 2751 robis.⁷”
1076 2693 1125 2750 Sic
1139 2701 1168 2748 et
1187 2693 1290 2768 gratias

93 2790 147 2867 agit
160 2791 321 2865 Apostolus
337 2790 401 2850 Deo
416 2791 601 2868 triumphanti
615 2811 668 2850 nos
684 2793 714 2851 in
729 2792 846 2849 Christo
857 2788 1031 2860 θριαμβεύοντι
1041 2787 1126 2858 Andr?
1140 2785 1216 2859 quod
1237 2787 1290 2845 sci·

90 2888 152 2946 lieet
167 2889 253 2951 nobis
269 2888 443 2964 triumphurn
457 2907 540 2965 agere
554 2887 589 2946 de
605 2889 735 2948 hostibus
750 2886 895 2948 concedat.

128 2987 179 3042 86.
208 2983 276 3062 Obj.
291 2987 321 3041 8.
343 2983 500 3060 Apostolus
515 2982 550 3040 de
565 2983 705 3042 Israelitis
720 2983 805 3042 dicit:
829 2992 849 3018 ‘⁶
861 2998 961 3040 omues
983 2979 1012 3037 in
1034 2978 1141 3054 Moyse
1154 2978 1289 3054 baptizati

89 3091 163 3148 sunt,
187 3081 220 3138 in
235 3081 311 3138 nube
331 3091 360 3136 et
373 3080 402 3136 in
418 3079 537 3137 mari.”⁰
576 3079 656 3155 Ergo
677 3099 714 3137 ex
735 3080 878 3137 mentione
899 3078 972 3135 sacta
996 3068 1119 3150 Spiritus
1143 3074 1240 3131 Sancti
1262 3075 1289 3132 in

85 3188 233 3253 praecepto
248 3176 422 3253 baptizandi,
438 3193 495 3233 non
510 3175 577 3232 lieet
591 3175 693 3233 inferre
709 3195 774 3233 euin
790 3193 853 3232 esse
869 3173 994 3231 divinam
1010 3188 1170 3246 personam.

124 3272 177 3332 87.
204 3271 296 3349 Resp.
320 3271 414 3329 Locus
430 3289 487 3329 non
503 3278 547 3327 est
562 3268 734 3347 parallelus.
777 3269 897 3328 Dixerat
911 3264 1067 3344 Apostolus
1083 3272 1175 3340 patres
1190 3283 1289 3323 omnes

79 3371 136 3428 sub
158 3370 241 3427 nube
268 3368 367 3433 fuisse,
390 3378 418 3424 et
441 3384 542 3424 ornnes
577 3385 626 3442 per
662 3385 738 3424 mare
764 3365 919 3431 transiisse,
946 3372 983 3439 etp
1002 3359 1095 3417 statim
1123 3358 1215 3417 addit:
1247 3373 1289 3424 „st

78 3465 175 3527 πάντες
186 3470 222 3526 sss
233 3470 276 3518 τὸν
287 3465 394 3533 Moesis
407 3460 574 3527 ἐβαπτίσαντο
586 3460 612 3515 ἓν
622 3479 656 3533 ep
668 3465 755 3533 νεφέιῇ
767 3464 808 3516 sos*
821 3466 845 3514 ἐν
857 3459 889 3530 τῆ
912 3455 1040 3525 θαιάσσῃι
1062 3453 1171 3513 scilicet
1194 3466 1290 3514 monet

75 3563 159 3628 ittam
174 3561 433 3621 commorationem
455 3559 507 3617 sub
523 3559 596 3615 nube
611 3568 639 3614 et
660 3558 807 3614 transitum
822 3573 873 3631 per
894 3569 980 3617 mare,
1007 3551 1145 3624 mysterio
1166 3568 1224 3608 non
1245 3570 1289 3608 cs·

324 3807 361 3864 (1)
378 3802 407 3851 L.
419 3803 456 3852 ds.
468 3803 510 3866 Sp.
522 3802 548 3851 S.
560 3818 581 3851 e.
592 3805 629 3848 12.

322 3892 359 3949 (2)
377 3886 406 3935 L.
418 3888 442 3936 ii.
454 3887 492 3936 de.
504 3886 546 3949 Sp.
559 3886 587 3934 S.

325 3976 361 4033 (³)
379 3972 461 4021 Tract.
474 3974 514 4018 99.
526 3971 552 4020 in
563 3971 634 4020 loan.

321 4061 357 4121 (4)
379 4059 440 4108 Vide
453 4057 578 4106 Petavium
590 4058 605 4105 l.
616 4059 649 4106 iii.
662 4057 692 4106 de
704 4055 774 4103 Trin.
786 4068 807 4101 e.
819 4050 868 4100 viii.
882 4055 896 4110 ς
910 4048 959 4097 viii.

328 4145 369 4209 (b)
389 4144 460 4192 Rom.
473 4143 522 4191 viii.
534 4144 575 4190 26.
889 4140 894 4149 ’

259 4208 277 4227 ⁸
326 4233 367 4296 (6)
387 4229 532 4280 Bloomficld
544 4229 569 4277 in
582 4229 670 4278 locum.

325 4318 366 4382 (7)
387 4317 451 4378 Aug.
463 4331 500 4379 ep.
512 4318 566 4363 105.

326 4402 368 4466 (β)
387 4401 418 4450 ll.
431 4400 524 4450 Genii
537 4402 576 4447 14.

325 4485 368 4553 (9)
387 4484 405 4534 Ι.
418 4484 475 4534 Cor.
487 4499 512 4532 x.
524 4486 547 4530 2.

660 4586 712 4640 15*
