2730 5018
427 301 486 363 DE
506 300 605 361 FIDE
626 300 951 364 ANTE-NICAENA.
1230 311 1285 374 tet

115 459 205 537 182.Ι
221 455 291 539 ocj.
305 463 335 519 4.
357 459 417 527 Qui
429 458 516 538 primi
528 458 726 535 excogitarunt
740 459 850 519 Christi
871 458 1057 533 divinitatem,
1072 464 1128 522 sibi
1141 465 1288 527 tinxerunt

75 562 220 626 τωΔομ
235 556 340 624 Patris,
353 574 391 615 es
402 554 556 615 creationis
570 562 708 630 tempore,
724 556 903 630 personalem
923 557 1027 617 habere
1041 561 1166 637 coepisse
1180 564 1287 621 subsis-

43 698 50 707 .
77 649 222 719 tentiama
237 662 268 710 ct
278 651 362 720 Jcsu,
371 669 409 709 ex
419 649 616 727 conceptionis
631 668 691 707 sue
703 660 840 726 tempore,
854 652 1080 729 inseparabiliter
1101 657 1286 733 conjunctum

54 790 57 795 .
84 742 195 803 fuisse:
214 764 319 804 omnes
343 755 439 805 tamma
460 753 636 822 agnoverunt
659 753 723 803 ante
748 747 919 807 creationem
943 748 1039 808 Deum
1061 751 1152 809 fnisse
1178 752 1287 826 absqns

87 837 173 907 Filio,
186 855 224 908 sp
234 848 308 913 Δηφ
321 840 449 899 nondum
463 841 597 899 emisso:¹

43 940 45 969 ²
128 939 196 995 183.
220 934 314 1015 Resp-
334 937 435 997 Patres
456 954 559 995 omnes
582 935 690 994 Filium
714 945 862 1005 eternum,
876 946 905 995 et
927 940 1006 997 omni
1027 928 1168 999 carentem
1193 941 1287 1009 initio,

91 1030 261 1109 praedicant:
283 1031 414 1091 nonnulli
426 1039 522 1089 antem
536 1029 572 1088 de
585 1031 649 1107 ejus
663 1029 821 1107 prolatione
832 1032 994 1106 loquuntur,
1008 1047 1147 1108 quatenus
1160 1036 1288 1094 exterius

93 1124 230 1185 inmundi
240 1129 389 1193 -crestioue
404 1127 599 1187 manifestatus
619 1135 673 1195 est,
688 1128 828 1203 sapientia
848 1130 955 1206 quippe
975 1130 1081 1199 divina,
1096 1150 1182 1205 quam
1197 1131 1285 1191 veluti

93 1223 243 1301 specialem
255 1224 320 1301 ejus
334 1225 535 1302 proprietatem
549 1224 656 1300 placuit
669 1223 828 1300 designare,
838 1225 868 1282 in
883 1225 990 1284 mundo
1001 1227 1150 1286 condendo
1161 1228 1287 1286 ostendi·

94 1331 139 1379 tur.
178 1319 253 1379 Non
277 1332 346 1381 tuuc
368 1302 505 1398 distingui
529 1339 548 1377 a
569 1320 653 1379 Patre
667 1320 772 1397 coepitr
793 1319 845 1379 sed
859 1320 908 1379 ills
928 1340 992 1395 que
1013 1323 1048 1381 ab
1068 1332 1174 1393 aeterno
1195 1325 1290 1383 extitit

91 1416 243 1485 distinctio,
262 1417 389 1476 exterius
410 1416 525 1494 prodiit.
565 1416 616 1475 Sic
635 1416 832 1494 Athenagoras
853 1417 884 1475 in
903 1417 1045 1495 Apologia
1067 1420 1286 1495 imperatoribus

90 1512 193 1571 oblata:
220 1522 242 1549 ‘⁴
254 1513 312 1572 Est
325 1513 417 1573 Filius
433 1513 489 1572 Dei
503 1512 630 1571 Verbum
646 1513 739 1572 Patris
751 1513 780 1571 in
795 1511 858 1571 idea
871 1524 899 1571 et
913 1517 1097 1590 operationes
1111 1518 1146 1574 ab
1161 1535 1196 1574 eo
1208 1518 1286 1575 enim

88 1620 113 1668 ct
124 1627 177 1686 per
188 1627 260 1668 eum
275 1610 350 1669 sacta
363 1610 469 1678 omnia,
485 1628 551 1668 eum
565 1610 651 1669 Pater
664 1621 693 1668 et
703 1609 794 1668 Filius
810 1629 899 1668 unum
913 1612 979 1669 sint.
1003 1611 1080 1669 Cum
1092 1623 1187 1671 antem
1204 1613 1291 1671 Pater

84 1705 161 1763 sitin
177 1705 269 1773 Filio,
284 1717 314 1765 et
327 1707 420 1765 Filius
436 1706 467 1764 in
481 1706 576 1775 Patre,
590 1706 696 1763 unitate
710 1719 739 1764 et
756 1706 856 1763 virtute
872 1707 1006 1783 Spiritus,
1022 1726 1103 1765 mens
1118 1719 1147 1766 et
1161 1709 1290 1767 Verbum

82 1801 177 1859 Patris
191 1812 240 1860 est
252 1802 347 1861 Filius
361 1802 429 1861 Dei.
465 1801 551 1870 Quod
564 1802 589 1859 si
601 1802 682 1861 vobis
697 1820 748 1878 pro
763 1820 875 1860 summa
890 1814 983 1860 vestra
997 1800 1183 1880 intelligentia
1198 1805 1292 1877 inqui·

80 1917 144 1957 rere
159 1900 275 1969 subeat,
289 1900 359 1974 quid
373 1901 429 1959 s'ibi
439 1901 508 1958 velit
520 1900 631 1968 Filium
646 1898 739 1957 dicam
757 1900 879 1958 breviter
893 1900 1013 1975 primaru
1028 1919 1092 1957 esse
1112 1901 1205 1959 Patris
1226 1920 1289 1978 pro-

75 1994 212 2071 geniem,
227 2008 288 2057 non
307 1995 387 2069 qnod
410 1995 501 2055 sactus
521 1997 567 2064 sit,
584 1994 631 2074 (ab
652 2005 757 2053 aeterno
779 1996 856 2054 enim
881 1995 962 2053 Deus
988 1997 1107 2054 habebat
1127 1998 1204 2055 inse
1225 1999 1291 2074 ipso

77 2092 228 2161 Verbum,
242 2101 343 2170 utpote
357 2095 393 2152 ab
406 2104 512 2151 eterno
528 2090 683 2171 rationalis)
698 2092 750 2150 sed
765 2093 842 2164 quod
857 2092 1001 2169 prodierit,
1014 2104 1045 2150 ut
1058 2095 1186 2153 omnium
1204 2107 1293 2153 mate·

75 2188 200 2247 rialinm
216 2207 323 2257 rerum,
345 2230 354 2249 .
376 2230 385 2247 .
409 2231 417 2247 .
440 2230 449 2247 .
470 2188 535 2247 idea
548 2199 577 2246 et
590 2198 669 2245 actus
690 2187 809 2246 soret.”⁸
848 2188 906 2245 Alii
928 2189 1114 2264 prolationem
1129 2189 1292 2266 intelligunt
1331 2256 1344 2266 μ

75 2286 179 2362 ipsam
194 2288 410 2364 generationem
424 2296 569 2345 aeternam
598 2287 651 2343 Sic
663 2286 876 2344 Tertullianus:
893 2295 912 2322 ‘⁴
924 2285 1011 2343 Hunc
1023 2305 1060 2344 ex
1071 2286 1135 2345 Deo
1151 2285 1292 2364 prolatum

77 2380 253 2450 didicimus,
268 2394 298 2441 et
311 2382 469 2459 prolatione
483 2390 648 2458 generatum
664 2390 692 2438 et
706 2380 812 2439 idcirco
826 2380 933 2439 Filium
949 2381 1015 2448 Dei,
1030 2392 1059 2439 et
1072 2382 1168 2440 Deum
1181 2383 1289 2442 dictum

79 2495 123 2537 ex
135 2478 249 2537 unitate
271 2476 481 2537 substantia.'’⁸
522 2477 716 2536 Vehementer
737 2487 831 2535 autern
852 2477 985 2535 falluntur
1000 2477 1050 2549 qui
1070 2488 1170 2553 putant
1195 2479 1294 2538 Patres

83 2572 198 2633 idcirco
218 2574 326 2632 “Filio
344 2575 458 2632 initium
481 2572 623 2632 existendi
645 2572 722 2641 dare,
737 2573 820 2646 quasi
841 2583 923 2630 antea
946 2592 1002 2630 uon
1017 2573 1191 2641 extitisset,'’
1213 2574 1293 2647 qnod

84 2688 154 2729 cum
168 2671 282 2729 ceteris
296 2669 426 2748 repudiat
440 2671 559 2729 omnino
573 2668 732 2745 Origenes:
757 2677 776 2703 ‘⁸
787 2667 910 2734 Quando
924 2668 1001 2725 eninr
1022 2667 1113 2734 Deus,
1129 2669 1180 2740 qui
1194 2686 1294 2726 secun·

90 2766 160 2825 dnm
183 2765 327 2825 Joannem
352 2765 405 2823 lux
428 2764 541 2830 dicitur,
558 2762 638 2823 Deus
657 2763 735 2821 enim
757 2761 808 2821 lux
833 2771 886 2829 est,
907 2761 1090 2837 splendorem
1112 2779 1169 2819 non
1195 2762 1294 2820 habuit

89 2862 212 2940 proprie
223 2861 333 2938 gloriae,
345 2872 377 2918 ut
390 2860 454 2933 quis
469 2859 570 2917 audeat
583 2858 658 2917 Filio
670 2858 782 2941 initium
797 2856 939 2916 existendi
953 2857 1030 2923 dare,
1046 2857 1128 2928 quasi
1141 2868 1223 2915 antea
1236 2876 1295 2916 non

92 2959 236 3019 extitisset
248 2956 282 3014 1”
325 2956 470 3015 Caeterum
485 2974 544 3013 non
558 2953 713 3013 diffitemur
726 2964 836 3012 veteres
857 2953 1020 3020 nonnullos,
1035 2961 1133 3028 utpote
1148 2954 1177 3010 in
1198 2971 1228 3011 re
1248 2953 1296 3010 ad·

93 3055 209 3115 modum
222 3052 336 3113 difficili
350 3065 504 3121 versantes,
517 3054 552 3111 de
567 3052 724 3128 prolatione
739 3052 787 3109 illa
803 3051 923 3133 obscure
935 3050 1085 3122 aliquando
1099 3049 1229 3109 locutos:
1245 3051 1296 3109 sed

49 3162 54 3171 “
95 3152 217 3225 alioquin
233 3150 392 3209 innumeris
412 3149 484 3209 locis
499 3147 648 3207 Christum
671 3147 766 3205 Deum
781 3146 860 3204 Patri
881 3157 1053 3205 coaeternum
1068 3155 1097 3203 et
1110 3136 1295 3206 consubstan-

97 3246 189 3305 tialem
203 3256 395 3322 agnoverunt.

43 3328 45 3335 ¹
133 3345 200 3400 184.
227 3340 297 3420 obj.
313 3345 343 3399 5.
358 3341 408 3399 Es
418 3340 507 3399 turbis
521 3358 585 3413 que
596 3348 668 3397 natae
683 3347 750 3396 eunt
760 3336 923 3396 Alexandro
938 3337 1037 3396 Arium
1052 3338 1214 3407 damnante,
1229 3358 1296 3399 con·

97 3450 147 3499 stst
167 3439 344 3499 sententiam
368 3438 411 3501 de,
427 3438 545 3497 Christo
570 3437 635 3496 Deo
659 3455 718 3495 uon
738 3437 826 3494 inisse
841 3436 916 3512 apud
939 3455 1039 3493 omnes
1062 3447 1215 3513 receptam,
1229 3457 1296 3496 nam

97 3536 419 3613 pmee'rmsbyerm,
433 3536 580 3603 diaconos,
602 3534 759 3606 laicosque,
782 3533 912 3609 episcopi
935 3532 1042 3604 aliquot
1065 3533 1136 3590 Ario
1156 3535 1295 3593 faverunt.

98 3632 312 3711 Disceptatione
334 3641 498 3709 propagata,
522 3640 661 3689 steterunt
688 3647 726 3686 ex
752 3638 870 3700 utraque
899 3638 976 3703 parte
1003 3626 1142 3685 antistites
1170 3627 1297 3687 doctrina

97 3732 234 3808 insignes,
249 3741 280 3789 et
293 3747 412 3788 numero
433 3727 508 3786 haud
523 3727 677 3786 admodum
692 3726 840 3803 dispares:
862 3743 916 3784 nec
930 3725 987 3782 nisi
1008 3723 1190 3784 Constantini
1210 3729 1299 3804 grstia

98 3829 219 3887 obtinuit
232 3825 388 3886 Alexandri
402 3826 558 3893 sententia;
581 3825 651 3883 adeo
665 3833 696 3882 ut
709 3824 879 3899 imperatore
895 3821 1038 3886 defuneto,
1055 3823 1194 3880 contraria
1213 3825 1298 3901 longe

96 3925 208 3999 lateque
223 3923 329 3982 diffusa
342 3923 390 3990 sit,
405 3934 433 3980 et
446 3931 536 3981 toturn
547 3922 609 3980 fere
624 3920 805 3997 occupaverit
818 3919 915 3977 orbem
931 3917 1130 3975 christianum.

133 4026 206 4080 185.
227 4020 318 4099 Rcrp.
341 4018 468 4079 Subdola
491 4020 603 4077 Arianae
625 4017 768 4075 haereseos
793 4015 906 4074 indoles
930 4015 997 4072 secit
1019 4025 1050 4072 ut
1072 4015 1179 4088 aliquot
1203 4016 1297 4073 statim

43 4162 63 4197 Ι-
94 4130 176 4179 nacta
190 4119 230 4177 sit
242 4119 377 4185 fautores,
392 4117 531 4195 plurimos
547 4114 744 4193 progrediente
759 4123 896 4190 tempore:
918 4131 971 4170 nec
983 4113 1058 4170 enim
1071 4112 1181 4171 Christi
1197 4112 1300 4171 divini·

95 4228 182 4276 tatem
198 4226 295 4294 aperte
307 4232 422 4293 semper
435 4214 629 4291 impugnabat,
644 4210 695 4270 sed
710 4211 860 4269 verborum
882 4210 1048 4287 ambagibus
1070 4213 1175 4290 saepius
1191 4211 1301 4270 celabat

128 4412 168 4472 (l)
187 4407 307 4471 Priestley
317 4422 368 4472 per.
379 4406 413 4457 ri.
425 4409 439 4466 §
452 4406 487 4456 xi.
501 4422 525 4471 p.
537 4407 596 4456 486.

130 4498 170 4559 (2)
190 4494 313 4555 Athencg.
324 4494 371 4556 leg.
383 4508 428 4559 pro
440 4492 554 4543 christo.
567 4495 605 4541 10.
617 4507 641 4557 p.
656 4491 711 4540 lte.
723 4489 754 4541 ed
766 4487 874 4541 Wireeb.

132 4581 172 4641 (3)
193 4577 360 4645 Apolcxxi.
437 4590 442 4597 ·
