2730 5018
113 249 177 353 aro
401 246 457 307 un
478 245 839 313 raocnssromana
860 244 1030 307 nivium.
1055 246 1081 273 ··
1171 220 1181 228 ’

115 400 284 462 eternaliter
297 404 588 475 tamquamab‘nnico
602 403 799 479 principio,·et
811 403 896 462 unica
913 401 1069 478 spiratione
1089 393 1289 476 procedit.”“.
1311 391 1321 454 ζ

117 497 309 555 “Definimus
335 498 453 574 insuper
475 498 693 575 explicationem
708 497 987 556 verborumillorum
1008 493 1176 572 ‘Filioque'
1192 490 1320 550 veritatis

115 591 289 652 declarandae
310 595 408 670 gratis,
422 604 453 652 et
476 594 642 652 imminente
665 603 732 652 tunc
754 592 932 660 necessitate,
957 592 1034 650 licite
1055 609 1089 649 ac
1110 586 1319 648 rationabiliter

116 688 257 765 Symbolo
281 688 370 747 fuisse
384 689 577 766 appositam.”
618 688 781 747 Dolendum
808 686 1054 757 Graecum-Marco
1077 684 1235 762 Ephesino
1255 700 1319 740 sua·

115 782 210 852 dente,
225 785 305 842 brevi
319 785 349 842 in
363 783 490 842 schisma
504 784 664 861 prolapsos,
677 783 753 856 qnod
765 783 858 841 adhuc
872 783 964 841 durat.

161 881 229 938 rat.
251 879 348 946 Quum
363 879 425 937 hac
439 879 519 956 apud·
535 898 588 937 nos
602 898 660 937 non
682 879 803 957 agitetur
822 877 1038 944 connosersia,¹
1058 876 1129 934 sotis
1149 874 1206 934 erit
1227 873 1321 947 aliqua

104 970 233 1032 'recitare
248 973 390 1033 Catholici
405 973 546 1051 dogmatis
567 974 747 1042 documenta,
768 983 798 1032 et
810 968 990 1031 difficultates
1011 972 1170 1048 precipuas
1192 969 1323 1027 breviter·¹

116 1067 235 1125 diluere.
276 1067 368 1126 Filius
390 1086 422 1126 ss
443 1069 595 1127 missurum
612 1070 750 1146 Spiritum
773 1070 910 1126 Sanctum
933 1067 1040 1144 sapius
1062 1065 1145 1133 dixit,
1159 1082 1236 1138 ane
1248 1064 1321 1123 ratio

116 1161 253 1236 loquendi
273 1161 433 1221 indictitiis
453 1164 592 1240 originem
614 1163 737 1223 indicat:
765 1164 872 1222 “Cum
895 1171 990 1222 autem
1010 1161 1124 1219 ueneris⁴
1144 1159 1319 1227 heraclitos,

50 1302 55 1307 .
115 1275 201 1330 qoem
216 1275 270 1333 ego
284 1257 392 1314 mittam
408 1257 518 1314 vobisc
536 1258 618 1315 Patre
631 1257 677 1314 :”⁹
698 1259 839 1317 “mittam
854 1276 920 1316 eum
941 1256 977 1314 ad
992 1255 1090 1314 vos..”⁸
1134 1253 1179 1313 De
1193 1254 1231 1312 iis
1252 1271 1319 1327 qaas

115 1351 182 1417 Eilii
196 1362 263 1409 sunt
276 1363 443 1428 accepturus
459 1351 571 1420 dicitur,
587 1353 665 1426 quod
686 1354 826 1429 originem
840 1355 926 1413 etiarn
940 1351 1074 1412 denotat:
1096 1360 1117 1393 ‘⁶
1127 1351 1180 1410 Ille
1201 1367 1249 1407 me
1259 1342 1322 1414 clo.

114 1445 245 1512 riticabit,
259 1446 325 1518 quia
340 1445 375 1503 de
399 1465 464 1504 meo
485 1448 615 1523 accipiet,
630 1458 659 1505 et
679 1448 861 1505 annunciabit
882 1448 973 1506 robis.
1014 1446 1122 1505 Omnia
1146 1463 1212 1518 qnae
1233 1444 1318 1502 habet

86 1605 92 1619 .
115 1539 210 1607 Pater,
226 1558 290 1598 mes
310 1550 386 1597 sunt.
428 1542 584 1617 Propterea
608 1541 686 1599 dixi:
709 1541 825 1615 quiade
851 1559 917 1599 mco
941 1541 1061 1617 accipiet
1080 1552 1110 1599 ct
1130 1540 1325 1604 annunciabit

115 1633 244 1692 nobis.”⁴
273 1635 387 1710 Saepius
399 1635 485 1692 etiam
499 1635 601 1693 dicitur
615 1635 740 1711 Spiritus
755 1635 833 1702 Filii,
847 1635 946 1712 atione
957 1635 1024 1708 quia
1038 1633 1073 1692 dc
1088 1634 1165 1693 Filio
1177 1633 1325 1710 procedit.

116 1738 137 1768 ‘⁸
147 1729 225 1788 Cum
239 1732 386 1788 venissent
398 1741 491 1790 antem
508 1732 536 1789 in
552 1733 692 1808 Mysiam,
709 1733 851 1791 tentabant
865 1731 905 1789 irc
928 1731 1106 1808 Bithyniam,
1122 1740 1151 1788 et
1167 1749 1227 1789 non
1248 1749 1312 1807 per·

116 1825 195 1884 misit
208 1843 258 1883 cos
273 1825 397 1901 Spiritus
411 1826 530 1884 Jcsu.'’⁵
571 1828 687 1889 “Misit
701 1827 780 1885 Deua
802 1827 941 1904 Spiritum
963 1826 1031 1885 Filii
1045 1826 1090 1883 sui
1111 1826 1139 1882 in
1155 1824 1242 1883 corda
1257 1844 1316 1882 ves·

115 1920 202 1980 tram
243 1921 354 1988 Patres,
368 1922 454 1979 etiarn
470 1921 575 1989 Graeci,
591 1924 834 2000 processionema
856 1922 932 1980 Filio
952 1922 1022 1980 satis
1036 1921 1111 1979 clare
1127 1931 1314 1998 agnoverunt.-
1342 1994 1344 2000 Ι

115 2012 148 2076 S.
164 2017 323 2077 Bastulus:
347 2025 367 2052 ‘⁸
376 2016 523 2094 Dignitate
537 2017 694 2076 seeundum
706 2036 770 2075 esso
782 2037 799 2075 a
810 2017 896 2084 Filio,
908 2026 939 2074 ut
951 2018 1001 2093 qui
1012 2019 1047 2074 ab
1059 2017 1109 2074 illo
1123 2033 1192 2077 esee
1205 2015 1316 2083 habear,

115 2114 192 2172 stab
217 2112 425 2190 ipso-accipiat,
440 2122 475 2170 et·
489 2113 636 2177 annuntiet
657 2114 749 2181 nobis,
773 2122 801 2170 et
825 2113 1000 2180 omnino-ex
1015 2113 1064 2170 iila
1083 2130 1171 2171 causa
1192 2110 1317 2191 pendeat

115 2209 235 2287 piatatis.
253 2225 348 2265 sermo
370 2207 499 2272 tradit,”⁷
539 2208 793 2266 S.Er1rrrsrr1ns:
817 2209 924 2267 “darn
935 2207 1012 2266 verd*
1026 2227 1104 2267 eam-
1119 2207 1258 2266 &hristus
1279 2225 1317 2266 er

114 2304 199 2364 Patre
210 2300 339 2359 medetur
354 2300 434 2359 Deus
448 2320 485 2360 ex
499 2302 574 2369 Deo,
589 2313 617 2360 et
630 2303 755 2378 Spiritus
777 2321 814 2361 cx
830 2303 959 2371 Christo,
975 2303 1036 2361 sive
1050 2305 1085 2361 ab
1099 2303 1241 2362 ambobus
1253 2321 1262 2370 ς
1282 2313 1321 2367 nt,

116 2396 249 2456 Christus
265 2395 310 2453 his
326 2397 419 2454 verbis
433 2397 551 2455 asserit:
575 2398 682 2474 ‘Qui-a
696 2399 779 2456 Patre
795 2399 923 2475 procedit
932 2399 951 2467 ;’
973 2409 1012 2464 et,
1027 2407 1048 2435 ⁴⁸
1058 2399 1117 2457 Hic
1131 2396 1167 2456 de
1183 2404 1258 2457 meo'
1271 2417 1315 2456 ac·

115 2490 249 2570 cipiet.”⁸
298 2491 421 2566 Spiritus
448 2491 570 2549 Sanctus
591 2493 686 2569 igitur,
708 2494 791 2569 juxta
821 2493 1020 2569 Epiphaniam
1040 2493 1077 2552 ub
1104 2492 1250 2552 ambobus
1267 2501 1316 2560 nup

115 2587 254 2657 wirino
268 2594 320 2642 est.
363 2584 396 2642 ld
411 2585 512 2642 iterum
527 2585 605 2653 dicit,
619 2597 649 2644 et
663 2597 823 2663 propugnat
836 2588 922 2663 paulo
935 2587 1065 2645 inferius.
1107 2587 1140 2645 S.
1163 2586 1327 2644 Ornrauns
1355 2592 1361 2605 ’

115 2678 371 2739 Annxsumrruus:
394 2682 565 2747 “Quamvis
580 2684 656 2741 onim
672 2684 797 2760 Spiritus
812 2684 841 2740 in
855 2684 1012 2740 substantia
1026 2684 1141 2760 propria
1155 2684 1203 2751 sit,
1219 2693 1318 2756 quate·

115 2791 170 2831 nus
185 2775 307 2852 Spiritus
323 2786 376 2844 est,
392 2787 420 2833 et
432 2796 490 2835 non
505 2779 615 2845 Fiiiua;
631 2789 781 2836 esttamen
797 2779 831 2835 ab
846 2779 910 2854 ipso
924 2797 982 2836 non
997 2780 1117 2836 alienus.
1160 2777 1317 2843 Profundis

116 2879 267 2940 iurantem
283 2876 317 2941 ab
332 2876 406 2950 ipso,
422 2895 478 2933 non
493 2877 587 2934 minus
603 2877 728 2953 proseotd
744 2896 829 2950 quam
844 2895 881 2934 ex
898 2876 961 2934 Deo
975 2887 1015 2933 et»
1026 2875 1164 2943 Patre’ft

159 2970 224 3024 195:
247 2970 311 3025 Alia
325 2971 446 3045 piurima
461 2971 627 3028 Graeoorum
642 2981 670 3028 et
682 2973 847 3033 Latinorum
869 2970 1157 3047 patrumtestimonia
1171 2958 1249 3047 apud
1264 2972 1320 3031 Pe·

116 3061 220 3118 tarium
235 3063 329 3120 videre
341 3069 421 3120 eet¹⁰
441 3065 473 3122 ld
487 3067 604 3141 insuper
613 3067 892 3125 animadvertendum
905 3068 1057 3127 nonnullos
1070 3067 1163 3125 dicere
1176 3068 1319 3144 Spiritum

115 3156 268 3232 procedere
283 3177 319 3214 ex
335 3160 417 3215 Patre
428 3178 480 3234 per
495 3161 611 3218 Filium.
635 3163 683 3218 Sic
705 3164 834 3239 Cyrilius
849 3155 1080 3222 Alexandrinus:
1101 3166 1206 3235 dynvoe‘
1220 3168 1321 3234 πνεῦμα

114 3249 236 3318 κροσερεῖς
246 3256 276 3305 τὸ
287 3256 315 3304 ἐκ
326 3259 369 3313 >es
380 3258 470 3321 πατρὸς
481 3254 514 3307 δι’
524 3258 563 3308 uri
576 3263 736 3324 προχεόμενον
747 3264 851 3325 Quaeris
860 3276 881 3318 3:
898 3268 921 3303 ‘²
929 3260 1064 3317 Sanctum
1087 3279 1156 3318 vero
1165 3301 1167 3304 >
1176 3261 1319 3338 Spiritum

145 3460 183 3521 (l)
201 3459 382 3523 Episcopalisni
393 3462 473 3526 palam
485 3464 555 3512 nobis
566 3465 612 3514 hac
624 3465 649 3514 in
661 3482 686 3514 re
698 3467 879 3517 assentiuntur:
891 3473 912 3525 ;“
923 3466 978 3515 The
990 3467 1057 3531 Holy
1070 3465 1158 3525 Ghost,
1169 3469 1321 3530 proceeding

111 3545 174 3594 from
186 3543 228 3594 the
240 3543 329 3593 Fsther
340 3545 388 3594 and
399 3546 440 3596 the
452 3547 512 3608 Son,
524 3549 545 3597 is
555 3550 584 3599 os
597 3566 645 3599 one
657 3553 794 3612 substance,
812 3552 918 3616 Majesty
931 3552 979 3600 and
991 3551 1082 3616 ›Glory,
1094 3551 1154 3600 with
1171 3553 1213 3601 ths
1225 3553 1321 3602 Father

114 3629 162 3682 end
174 3629 215 3679 the
227 3629 356 3695 Son,⁸'very
368 3633 417 3682 and
428 3637 521 3683 etei-nal
532 3635 611 3684 God.'’
641 3637 694 3686 Art.
707 3639 738 3687 vi.
765 3638 912 3689 concinunt
929 3638 1108 3707 Presbyterieni
1126 3637 1274 3689 confession
1293 3641 1325 3690 of

113 3714 195 3773 Baith,
206 3714 245 3762 ch.
258 3714 282 3763 ii.
295 3719 308 3773 ς
322 3716 355 3763 iii.
373 3717 536 3778 Methodistae,
548 3720 672 3784 Baptistae,
683 3737 727 3786 pro
739 3739 812 3783 more,
824 3723 984 3796 iiloshosqoe
996 3724 1131 3780 imitantur.

148 3799 188 3862 (2)
205 3797 327 3850 dean-av.
339 3802 385 3858 at,
941 3814 944 3818 '

148 3865 191 3948 (3)
210 3881 281 3930 Joan.
293 3882 344 3931 xvi.
355 3888 381 3932 7.

147 3968 190 4034 (t)
209 3968 280 4017 Joan.
293 3968 342 4017 xvi.
357 3972 395 4017 14.

147 4053 189 4117 (5)
209 4052 266 4100 Act.
277 4052 326 4099 xvi.
340 4056 363 4099 7.

146 4139 183 4198 (6)
201 4136 256 4184 Gal.
268 4135 300 4183 ir.
312 4137 335 4184 6.-

147 4223 189 4287 (2)
209 4220 239 4270 L.
251 4220 285 4269 iii.
297 4227 380 4269 contra
389 4222 448 4272 Eun
465 4220 550 4281 mium.
804 4288 806 4290 v

145 4306 188 4371 (8)
208 4306 238 4354 In
250 4306 391 4355 Anchorato
402 4306 452 4355 No.
464 4309 503 4356 67.
516 4307 542 4356 N
545 4319 567 4355 o.
579 4309 620 4355 'tls
637 4306 710 4358 Videt
722 4317 745 4359 st
758 4308 813 4360 her.
825 4311 907 4362 lxxiv.-

146 4391 188 4456 (β)
209 4395 254 4456 Ep·
267 4394 299 4443 ed
310 4393 459 4442 Nestorium.

147 4477 206 4555 (10)
225 4478 255 4528 L.
266 4480 306 4528 vii
318 4479 348 4528 do
359 4477 478 4528 Trinitate
489 4493 510 4528 c.
519 4477 552 4526 iii.
564 4484 598 4527 st-
