2730 5018
81 189 142 245 222
451 186 511 247 DE
530 186 672 247 rtn'ru
693 186 914 247 vulturum.

80 342 225 412 austu
238 360 318 403 more
332 343 410 402 sitm
424 320 1281 423 mutenturarquituconuurtum,njtoem⁷
1322 368 1326 377 ·

81 452 186 496 menta.
229 438 374 497 Ceterum
392 439 476 515 longe
491 441 585 497 minor
597 453 678 496 etant
691 459 756 516 pars
770 456 869 497 eorum
882 439 932 513 qui
945 422 1127 501 a'trdaisno
1138 440 1172 497 ad
1181 441 1262 505 uun

81 535 156 594 tiana
169 544 259 594 castra
274 536 457 604 bannierant,
467 535 598 612 plerique
607 536 685 593 ssim
696 555 762 593 cura
774 534 810 595 iis
821 537 871 608 qni
881 554 898 593 e
910 536 1045 613 gentibus
1057 538 1187 595 mansi
1197 554 1259 605 mant

80 632 283 690 couvenientes
298 632 460 690 Ecclesiam
475 632 799 705 consumebanturque
808 643 888 693 meta
897 633 948 693 illa
959 633 1090 691 abscissa
1100 644 1145 692 est
1162 647 1189 692 et
1199 634 1259 701 dnn·

79 740 155 789 nata.
197 729 362 788 Concordia
375 729 549 805 genealogiae
564 726 650 787 Luce
664 747 731 787 oum
746 729 875 787 Matthaei
890 731 926 789 ab
947 730 1066 791 eruditis
1082 731 1259 807 interpretibn
1298 778 1302 785 .

79 822 150 881 inita
164 833 218 882 est.
260 825 332 892 Quar
347 836 442 882 autem
457 823 492 881 ds
506 824 662 899 Magorum
674 823 795 882 adventu
810 824 888 883 etde
901 825 1034 885 stellulis
1049 827 1111 883 visa
1124 839 1260 901 ommutui,

81 920 274 977 achriatiauia
289 921 474 996 scriptoribus
488 920 696 992 antiquissimis
710 920 848 979 celebrata
861 932 939 989 suut,
960 934 1059 997 utpote
1074 923 1104 980 in
1124 923 1161 979 iis
1174 926 1261 1000 capita·

81 1013 117 1071 lis
132 1015 230 1083 relata,
244 1034 309 1088 que
324 1015 400 1092 apud
411 1034 511 1073 omnes
526 1026 648 1090 excepta
659 1026 746 1073 suut:
766 1034 819 1073 nec
832 1016 936 1075 desunt
945 1029 1043 1075 extera
1052 1017 1212 1093 suffragia.¹

121 1115 171 1169 54.
197 1110 263 1188 obj.
280 1118 309 1169 4.
330 1113 474 1188 Ambigua
488 1131 558 1170 noce
571 1112 668 1169 nititur
683 1113 754 1170 fides
768 1113 808 1171 de
825 1128 968 1190 conceptu
980 1115 1128 1190 virgineo:
1164 1095 1265 1207 ssim
1295 1122 1304 1133 '

82 1208 159 1285 apud
180 1209 324 1267 Hebraeos
343 1210 480 1284 virginem
503 1220 596 1278 sonat,
633 1209 684 1267 sed
709 1210 746 1267 de
770 1211 865 1286 puella
887 1211 984 1269 uitiata
1009 1213 1096 1270 etiam
1119 1230 1266 1291 usurpatur.

81 1306 168 1365 Prot.
183 1324 255 1365 xxx.
272 1309 321 1361 ts.

119 1406 169 1459 5&
190 1399 285 1478 Rern·
303 1402 373 1460 Non
387 1421 458 1460 voce
472 1412 579 1461 tantum
594 1404 721 1470 nitimur,
733 1422 797 1475 quae
812 1413 906 1461 tamen
917 1403 1048 1462 obrioac
1060 1415 1178 1480 recepto
1192 1424 1265 1469 senen

69 1497 232 1571 uirginem,
254 1497 365 1555 seilicet
389 1498 450 1555 viro
471 1497 678 1567 absconditam,
697 1499 857 1573 significat.
906 1499 991 1566 Quod
1016 1501 1042 1557 si
1064 1500 1216 1572 aliqumdo
1237 1503 1267 1563 sd

80 1591 206 1667 puellam
220 1610 286 1664 quae
299 1593 395 1651 amisit
408 1592 496 1651 decus
512 1593 671 1670 virgineum
686 1595 877 1661 transferatur,
892 1595 972 1667 quod
990 1615 1051 1653 non
1062 1608 1184 1663 constat,
1199 1596 1224 1655 id
1240 1599 1268 1659 tt

80 1704 133 1763 per
157 1687 350 1755 catachresin,
365 1689 439 1746 sicut
459 1689 523 1764 ipsa
536 1707 593 1746 vox
621 1687 716 1765 Virgo
727 1689 880 1761 aliquando
899 1690 972 1765 apud
998 1691 1118 1749 Latinos
1131 1693 1268 1767 accipitur.

79 1781 175 1839 Locus
204 1783 423 1842 Proverbiorum
449 1784 480 1841 in
506 1783 631 1856 quodam
658 1783 757 1841 codice
786 1805 803 1841 a
830 1784 917 1841 Rossi
944 1786 1057 1843 laudato
1082 1787 1153 1844 alias
1173 1787 1268 1864 legitur
1317 1764 1327 1827 l

77 1876 245 1965 ttnlpyjss
265 1893 324 1938 eta
343 1882 522 1957 septuaginta
543 1881 743 1957 interpretibus
767 1880 893 1938 redditus
914 1894 975 1939 eet:
996 1888 1022 1936 lv
1041 1887 1219 1958 „exgenere
1235 1886 1269 1945 B.
1323 1884 1327 1951 J

80 1978 280 2057 Hieronymo:
303 1980 336 2038 in
349 1979 555 2039 odolescentia.
597 1979 744 2052 Quidquid
759 1979 795 2035 sit
810 1999 866 2036 vox
887 1980 986 2036 illaab.
1005 1979 1081 2037 lsaia
1095 1981 1134 2036 ita
1155 1981 1271 2042 adbibita
1322 1966 1327 2027 .'

81 2088 135 2143 est,
149 2088 181 2133 ut
194 2077 286 2134 obviae
296 2077 358 2152 ejus
371 2076 574 2153 significationi
582 2075 702 2134 omnino
715 2076 754 2131 sit
766 2073 1018 2143 inhaerendum,da
1034 2095 1063 2132 re
1079 2076 1187 2151 quippe
1200 2079 1277 2155 mira,

80 2174 111 2230 io
125 2174 239 2248 signum
250 2173 362 2230 oculitus
371 2172 476 2240 dorda,
486 2172 622 2245 loquitur.
643 2170 786 2229 Preterea
799 2172 828 2227 M
832 2171 952 2230 atthaeus
964 2172 1002 2228 ita
1013 2189 1084 2238 rem,
1096 2185 1206 2248 gestam
1216 2193 1278 2232 uar-

81 2280 123 2327 rat
136 2282 167 2327 ut
180 2289 245 2327 eant
258 2270 497 2345 significationem
512 2288 569 2326 vox
583 2269 749 2326 noeessario
764 2269 896 2343 postulet.

122 2369 170 2422 56.
196 2364 263 2442 obj.
290 2371 318 2422 5.
351 2364 439 2421 lsaias
465 2375 592 2440 ternpore
619 2365 753 2439 praesenti
781 2365 877 2428 utitur,
904 2375 932 2420 et
957 2365 1081 2439 puellam
1106 2366 1280 2438 alloquitur:

83 2446 251 2564 itinn
273 2448 809 2567 terruannorum
831 2442 975 2563 uoltu
998 2471 1080 2554 nn
1112 2460 1288 2518 “suu

81 2580 178 2659 puella
193 2583 297 2656 (petunt
315 2577 424 2636 scilicet
438 2577 535 2655 digito
550 2577 717 2653 indicabat)
732 2578 873 2650 coricepit,
889 2590 917 2633 et
937 2579 1053 2653 parturit
1067 2577 1169 2634 filiurn:
1191 2587 1219 2634 et
1231 2594 1294 2637 vo·-

83 2672 162 2733 cabis
184 2673 327 2753 (puellum
341 2672 437 2750 iprum
452 2672 628 2751 ullaetpuittrr)
644 2694 748 2731 nomen
763 2674 825 2748 ejus
838 2671 1042 2730 Emmanuel.”
1078 2672 1171 2747 Igitur
1183 2673 1221 2729 ob
1239 2671 1290 2729 di-

83 2771 181 2827 vinum
198 2771 333 2827 uurtlinnt
360 2768 549 2845 praestandum
574 2770 690 2846 populo,
717 2769 779 2825 Deo
793 2770 818 2824 ei
841 2777 991 2841 praesente,
1007 2766 1094 2823 voluit
1109 2781 1139 2822 ut
1162 2785 1232 2840 puer
1245 2786 1293 2824 et)

84 2876 231 2925 vocaretur
246 2866 372 2921 nurnine.
413 2864 557 2940 Agebatur
571 2865 606 2921 de
621 2865 748 2940 periculo
762 2864 938 2928 immittente,
951 2873 979 2919 et
992 2881 1064 2939 puer
1076 2863 1236 2919 nasciturus
1251 2864 1288 2920 in

83 2964 197 3037 signum
217 2962 298 3018 datus
322 2974 375 3027 est,
399 2962 466 3032 quia
489 2974 552 3017 ante
578 2963 739 3024 triennium,
756 2960 869 3032 quando
892 2961 993 3034 butyro
1019 2969 1047 3016 et
1072 2959 1168 3027 melle,
1194 2961 1290 3017 instar

83 3058 202 3114 aliorum
219 3076 382 3132 puerorum,
398 3066 570 3122 vesceretur,
584 3056 766 3132 dispergendi
782 3068 860 3112 erant
874 3074 954 3130 reges
970 3055 1133 3112 adversarii.
1175 3057 1271 3113 Perab

82 3151 199 3208 surdum
215 3163 258 3207 est
270 3152 354 3206 rerba
368 3151 414 3206 illa
425 3150 459 3206 de
471 3169 560 3224 puero
572 3161 637 3224 post
648 3152 842 3225 septingentos
855 3169 945 3206 annos
958 3150 1100 3206 nascituro
1111 3151 1287 3225 explicare.8

121 3251 169 3303 57.
191 3244 279 3320 Reap.
296 3245 446 3318 Propltetae
459 3256 668 3301 consueverunt
679 3258 801 3300 eventus
809 3243 969 3300 describere
984 3255 1067 3319 prout
1077 3264 1177 3301 eorum
1193 3246 1281 3302 menti

38 3334 41 3339 ¹
81 3343 310 3406 obversabantur,
325 3352 353 3396 et
368 3351 480 3415 tempus
496 3341 663 3415 plerumque
685 3341 761 3397 hand
775 3342 903 3397 delinire.
947 3342 1079 3397 Praesens
1100 3345 1199 3413 utique
1221 3352 1282 3398 etat

80 3441 161 3498 Isaiae
176 3440 265 3497 menti
281 3439 359 3513 virgo
375 3438 422 3494 illa
436 3438 580 3514 praeclara,
592 3457 655 3510 quae
670 3451 840 3513 conceptura
851 3449 910 3493 erut
923 3449 951 3493 et
965 3438 1088 3512 paritura
1103 3438 1194 3494 filiunt
1209 3439 1279 3494 Etn-

81 3538 252 3602 manuelem,
269 3535 389 3607 ideoque
403 3535 495 3592 verbis
506 3536 654 3610 praeacutis
669 3535 804 3609 temporis
814 3553 882 3589 usus
895 3546 948 3598 est,
961 3552 1023 3605 quae
1035 3546 1138 3600 tamen,
1152 3533 1187 3589 de
1200 3543 1279 3608 partu

81 3650 108 3691 et
121 3636 330 3709 nuncupatione
343 3633 453 3700 saltem,
467 3633 590 3690 sutorum
602 3633 721 3707 exigunt
735 3650 862 3687 retusum.
886 3631 1027 3688 Caeterutn
1039 3631 1115 3687 nulla
1129 3632 1199 3687 sinit
1209 3630 1288 3688 ratio'

80 3731 219 3804 suspicari
234 3749 298 3785 eunt
316 3729 439 3804 puellam
453 3746 548 3785 coram
563 3746 595 3783 se
609 3741 778 3802 praesentem
790 3727 878 3801 digitu
891 3727 1042 3792 indicasse,
1058 3745 1122 3783 narn
1137 3728 1279 3784 absonum

81 3841 124 3886 est
139 3841 169 3885 ut
183 3827 305 3905 puellam
321 3826 396 3883 ltaud
411 3837 539 3902 nuptam,
552 3825 643 3899 qualia
657 3844 724 3883 voce
738 3824 881 3882 Hebraica
893 3842 1007 3900 semper
1018 3824 1207 3904 designatur,⁴
1220 3843 1285 3902 gra-

112 3990 136 4043 (l
143 4000 149 4041 )
168 3986 224 4033 Vol.
236 3985 251 4032 i.
263 3985 339 4048 hujus
350 3984 436 4047 operis,
449 3999 473 4046 p.
485 3986 526 4031 st.

111 4075 148 4133 (2)
167 4073 196 4117 31
211 4086 232 4117 a.
244 4086 267 4131 p.
280 4069 350 4116 Rossi
362 4069 453 4116 collect.
466 4083 515 4114 var.

113 4158 155 4219 (3)
175 4153 259 4209 Peius,
272 4150 447 4199 Eratnination
459 4148 490 4197 of
502 4150 542 4197 the
554 4149 710 4213 Prophecies,
722 4165 744 4212 p.
759 4152 816 4198 ³30.

110 4241 146 4297 (4)
166 4238 359 4299 Hsngstenbcrg,
380 4235 543 4297 Christology,
561 4234 674 4298 solip.
687 4237 744 4283 325.
779 4235 898 4284 Eruditus
918 4237 955 4284 vir
974 4244 1058 4286 censet
1076 4236 1286 4288 adolescentulum

77 4326 130 4373 voci
138 4324 264 4373 Hebraicis
277 4322 428 4386 respondere,
440 4328 512 4384 prout
523 4320 588 4383 apud
601 4321 708 4368 Arabes:
726 4337 800 4383 quarn
818 4332 899 4370 tannen
917 4323 1004 4370 fatetur
1016 4339 1151 4385 numquam
1162 4323 1192 4371 de
1204 4331 1285 4385 nupta

76 4409 196 4471 usurpari,
206 4409 247 4456 sed
259 4409 289 4455 de
302 4407 386 4456 nubili.
421 4405 500 4453 Nobis
512 4405 657 4468 Hieronymi
669 4408 801 4469 explicatio
811 4409 889 4468 magis
897 4407 990 4466 arridet,
1000 4407 1065 4469 quod
1074 4407 1185 4473 juniores
1195 4407 1287 4471 puellm

77 4494 143 4542 dorni
156 4495 280 4543 custoditur
292 4495 341 4542 viro
353 4490 501 4543 absconditae
513 4500 680 4542 censerentur.
