2730 5018
131 253 193 311 216
329 249 387 310 DE
408 198 583 309 NATURA¹
602 244 909 306 REDEMPTORIS
933 245 1138 328 HVMANA.

132 406 299 475 Furuesius,
314 405 364 465 sed
380 406 503 482 peccatis
518 413 547 462 et
559 403 673 463 interitu
687 403 838 463 hominurn
852 403 942 462 menti
955 374 1181 472 obversantibus,
1200 409 1301 471 anicien.

132 503 185 562 bus
199 522 272 577 quos
286 520 423 580 passurus
438 511 497 560 erat
510 501 597 560 veluti
611 502 713 559 frustra
728 500 904 559 tolerandie.²

171 606 221 659 34.
244 600 328 668 Quod
343 601 428 678 igitur
442 600 610 658 imminente
623 599 678 656 sibi
693 608 783 657 morte
804 599 985 657 contristatus
999 598 1037 657 sit
1051 598 1239 667 vehementer,
1250 605 1304 665 eth

38 698 45 707 “
63 708 69 717 ·
130 715 215 755 cruce
230 696 265 754 de
280 698 373 755 Patris
387 696 570 754 derelictione
585 695 668 768 queri
682 695 759 751 visus
774 694 821 762 sit,
833 712 870 752 ex
885 693 964 753 nulla
976 695 1066 753 animi
1086 693 1253 769 infirmitate,
1268 697 1306 758 iu·

133 793 279 871 patientia,
303 793 347 850 vel
361 791 559 869 desperatione
573 792 701 867 contigit,
717 790 768 849 sed
782 809 896 851 summo
910 791 1042 860 coneilio,
1061 801 1094 849 ut
1106 791 1209 859 veritas
1222 801 1307 855 nature
1335 797 1339 803 '

133 887 277 957 humanae,
292 898 321 946 et
334 889 509 947 cruciatuum
524 889 704 947 vehementia
717 896 836 965 pateret.
876 887 1023 961 Equidem
1037 887 1176 961 voluntati
1193 888 1276 961 Patris
1285 909 1310 951 tr

132 994 224 1043 totum
238 986 369 1061 subiecit,
392 985 546 1056 animoque
568 984 679 1061 placido
694 1002 779 1043 suum
792 980 835 1043 illi
856 984 1068 1043 commendavit
1084 982 1243 1063 Spiritum:
1262 1000 1311 1057 que
1349 1037 1350 1040 ,

133 1078 316 1155 perfectiouis
331 1088 398 1137 sunt
412 1077 488 1136 haud
501 1078 586 1136 dubia
600 1078 714 1137 indicia.
756 1078 863 1137 Mirum
879 1090 923 1137 est
936 1078 1093 1138 Calvinum
1107 1078 1145 1137 de
1156 1096 1194 1141 en
1205 1081 1319 1155 proferre.
1340 1084 1346 1093 ‘

134 1173 197 1233 ltaec
212 1156 314 1233 ausurh'
326 1193 409 1231 esse:
433 1173 604 1232 “Videmus
620 1175 767 1233 Christum
783 1194 820 1235 ex
836 1175 914 1234 omni
936 1186 1014 1252 parte
1028 1176 1071 1233 sic
1085 1182 1221 1235 ventum
1232 1174 1315 1249 triae,

134 1278 166 1327 ut
178 1267 376 1344 desperatione
390 1269 517 1335 obrutus,
532 1270 566 1326 ab
581 1269 739 1328 invocando
754 1270 818 1328 Deo
833 1271 998 1328 absisteret:
1021 1269 1099 1344 quod
1112 1278 1174 1328 crat
1184 1270 1268 1329 saluti
1282 1292 1317 1332 re·
1357 1319 1358 1322 .

133 1362 310 1423 nuntiarem
350 1364 508 1421 Fumeeius
520 1363 728 1440 blasphemiam
740 1365 813 1422 hanc
824 1367 929 1423 iterat⁸
1123 1352 1128 1361 ⁵

173 1462 223 1516 85.
246 1459 537 1517 Monornuurranmr
551 1460 679 1527 heresis,
695 1479 793 1518 eorum
808 1462 919 1519 scilicet
929 1462 980 1534 qui
993 1461 1148 1519 humanam
1160 1461 1318 1525 voluntatem

135 1553 254 1612 Christo
269 1553 452 1630 denegantes,
467 1555 582 1613 unicam
596 1555 779 1623 voluntatem,
795 1575 899 1634 nempe
914 1555 1052 1625 divinam,
1063 1558 1091 1615 ei
1107 1557 1320 1628 tribuebantur·
1350 1613 1351 1616 ,

133 1667 173 1708 no
187 1650 300 1707 circiter
324 1653 382 1706 ete
404 1659 502 1707 exorta
521 1660 575 1718 est,
602 1652 762 1709 auctoribus
777 1652 942 1720 Theodoro,
966 1652 1159 1710 Pharanitano
1183 1654 1318 1732 episcopo,

135 1745 237 1822 Sergio
250 1746 579 1823 Constantinopolitano,
595 1747 676 1824 Cyro
690 1748 896 1816 Alexandrino,
911 1768 984 1823 quos
999 1750 1089 1807 secuti
1103 1760 1171 1808 sunt
1193 1750 1320 1826 Pyrrhm,

135 1841 254 1909 Paulus,
279 1850 310 1901 et
321 1842 434 1909 Petrus,
450 1842 760 1920 Constantinopolitani
775 1845 922 1903 antistites.
965 1844 1064 1903 Emori
1086 1845 1181 1903 favere
1201 1847 1322 1905 censebe-

135 1946 181 1996 tur
191 1936 339 1997 Honorius
353 1938 498 2007 Pontifex,
512 1957 547 1997 eo
561 1940 638 2013 quod
650 1940 755 1999 dolosae
768 1941 861 2018 Sergii
872 1941 1073 1999 consultationi
1084 1940 1270 2017 respondeus,
1280 1961 1320 2001 vo·

134 2033 271 2093 luntatem
286 2054 350 2108 quae
365 2053 402 2092 ex
415 2044 516 2093 natura
529 2036 625 2093 vitiata
638 2039 769 2113 provenit
783 2037 901 2094 Christo
914 2036 1128 2095 adscribendam
1141 2037 1318 2114 denegaverit,

134 2139 164 2187 et
178 2138 265 2189 totam
277 2129 501 2187 controversiam
515 2129 549 2187 de
565 2131 755 2189 voluntatibus
770 2132 890 2199 duabus,
906 2133 951 2190 vel
976 2133 1068 2199 unica,
1084 2132 1208 2191 voluerit
1227 2134 1317 2210 sopire,

135 2226 249 2283 silentio
263 2226 388 2302 partibus
402 2227 556 2302 imposito:
579 2227 630 2284 scd
643 2247 679 2286 ex
694 2230 757 2306 ejus
772 2229 871 2287 litteris
896 2229 964 2286 satis
980 2239 1092 2287 constat
1104 2248 1171 2286 eum
1193 2230 1223 2287 iu
1246 2230 1318 2291 here·
1344 2280 1355 2286 .,

135 2319 190 2376 sim
205 2319 280 2377 haud
302 2338 366 2376 esse
380 2319 519 2396 lapsum.⁴
558 2323 633 2380 Eam
651 2323 747 2398 plures
761 2325 823 2400 ejus
838 2342 1030 2391 successores,
1045 2324 1112 2382 dolo
1133 2325 1318 2387 haeretieorum
1356 2388 1363 2401 ,

133 2426 292 2492 comperto,
305 2416 473 2475 studuerunt
483 2419 614 2487 evellere,
630 2421 784 2477 Severiuus
796 2419 915 2488 scilicet,
927 2421 946 2479 J
948 2439 1055 2479 oannes
1068 2421 1132 2489 lV.,
1148 2422 1317 2493 Theodorus,
1357 2412 1363 2469 ³-

134 2510 286 2579 Martinus,
302 2521 331 2568 et
343 2512 466 2588 Agatho.
507 2515 637 2571 Accessit
651 2515 803 2573 concilium
817 2515 883 2584 VL,
906 2535 981 2574 auno
996 2520 1065 2584 681,
1081 2515 1320 2595 Constantinopoli
1360 2546 1363 2555 .

135 2607 276 2669 habitum.
849 2668 852 2673 ,
1183 2670 1187 2677 ,
1237 2666 1241 2673 .

175 2705 224 2760 36.
247 2702 411 2765 Humanam
426 2708 599 2766 voluntatem
615 2706 702 2762 fuisse
718 2705 834 2764 Christo
851 2706 950 2779 liquet,
965 2725 1003 2764 ex
1018 2726 1053 2765 eo
1068 2707 1146 2780 quod
1160 2707 1223 2766 haeo
1236 2708 1268 2766 ad
1282 2727 1322 2766 na·

136 2808 205 2856 turae
219 2800 406 2877 integritatem
421 2806 551 2881 pertinet.
593 2804 703 2860 Praesto
718 2812 784 2861 sunt
797 2804 882 2861 etiam
902 2805 977 2861 clara
997 2805 1152 2880 Scripturae
1171 2807 1324 2863 testimonia

135 2914 165 2952 rn
179 2896 281 2966 quibus
298 2899 426 2956 voluntas
441 2901 502 2975 ejus
518 2919 534 2955 a
548 2899 640 2956 Patris
658 2898 809 2964 voluntate,
826 2916 888 2971 quae
903 2899 1000 2970 utique
1021 2918 1073 2956 sua
1087 2903 1172 2958 etiam
1188 2910 1242 2966 est,
1265 2919 1323 2972 qua·

137 3001 218 3048 tenus
245 2992 324 3049 Deus
340 3004 392 3062 est,
419 2995 618 3071 distinguitur:
643 2995 758 3051 “Pater
773 2994 821 3060 mi,
848 2995 873 3049 ei
894 2995 1030 3068 possibile
1044 3004 1098 3061 est,
1121 3005 1325 3052 transeatame

135 3087 210 3142 calix
224 3088 288 3143 iste.
331 3090 534 3147 Verumtamen
549 3108 607 3146 non
622 3091 695 3145 sicut
708 3108 761 3164 ego
777 3089 853 3154 volo,
875 3089 926 3145 sed
949 3091 1022 3147 sicut
1044 3090 1120 3148 tu.”⁵
1161 3101 1180 3127 ‘⁴
1192 3092 1285 3158 Pater,
1304 3090 1326 3147 si

136 3180 189 3245 vis,
215 3183 333 3239 transfer
347 3184 462 3240 calicem
479 3185 564 3240 istum
580 3203 595 3239 a
610 3202 673 3239 me:
697 3194 890 3241 verumtamen
906 3203 963 3241 non
977 3203 1042 3242 mea
1055 3186 1197 3253 voluntas,
1220 3185 1272 3243 sed
1285 3195 1323 3248 tur

134 3273 228 3330 fiat.'’⁶
267 3276 336 3332 Jure
352 3277 548 3333 animadvortit
562 3278 593 3333 S.
607 3278 796 3334 Athanasius:
821 3278 931 3335 “Duas
953 3280 1000 3336 hic
1015 3281 1173 3339 voluntates
1195 3279 1317 3338 ostendi*

119 3350 220 3427 sunam
236 3370 366 3428 videlicet
380 3372 543 3439 humanam,
559 3391 622 3445 quae
634 3384 677 3429 est
691 3373 782 3430 carnis
798 3375 921 3450 propria,
935 3375 1049 3432 alteram
1064 3375 1239 3434 divinam.”⁷
1268 3375 1325 3432 Ga·

170 3562 207 3621 tl)
225 3562 318 3611 “lesus
330 3578 380 3611 was
391 3563 489 3612 amitten
500 3563 560 3612 vvith
572 3563 654 3612 horror
665 3570 690 3612 at
701 3563 741 3612 the
754 3564 858 3626 thought
869 3565 898 3614 of
910 3562 1118 3629 dying.”-Jaaur
1130 3564 1184 3616 und
1199 3564 1240 3615 hir
1257 3564 1324 3635 Biog

135 3645 246 3713 raphera,
258 3662 281 3710 p.
293 3648 309 3696 i.
319 3647 357 3697 ch.
370 3664 391 3695 v.
402 3663 426 3711 p.
440 3650 480 3696 59.

172 3733 214 3795 (2)
234 3731 319 3779 Herm.
335 3732 430 3793 Evang.
442 3732 473 3780 ud
486 3748 509 3781 c.
522 3735 563 3780 27.

171 3816 213 3881 (3)
233 3822 247 3845 “
258 3816 306 3863 His
317 3815 445 3877 sufferings
457 3833 519 3865 were
528 3833 557 3865 eo
569 3832 657 3873 severe,
674 3817 727 3865 that
737 3817 774 3865 for
785 3834 799 3866 a
811 3824 919 3866 moment
929 3816 960 3865 he
972 3817 1068 3866 seemed
1079 3824 1104 3865 to
1115 3818 1144 3866 he
1156 3817 1334 3869 overwhelmed

133 3898 194 3949 with
206 3916 220 3948 a
230 3900 320 3963 feeling
329 3900 358 3949 of
370 3900 529 3964 desperation,
546 3900 628 3949 which
639 3903 706 3950 burst
717 3902 779 3950 forth
792 3902 817 3950 in
835 3902 875 3951 the
886 3901 1006 3950 words-‘
1012 3902 1057 3965 My
1070 3901 1134 3961 God,
1145 3918 1187 3965 my
1200 3902 1265 3962 God,
1276 3902 1335 3966 why

132 3984 189 4032 hest
199 3983 260 4033 thou
271 3982 381 4033 forstlren
393 3985 461 4032 mel’
496 3984 545 4032 For
555 4001 587 4032 an
599 3984 691 4034 instant
701 3984 739 4033 hie
752 4001 831 4048 agon)⁷
841 4001 891 4033 was
902 3985 1049 4034 intolerable.
1084 3982 1147 4044 Still,
1159 4000 1220 4035 eren
1232 3985 1272 4034 his
1283 4001 1335 4035 mo·

132 4075 244 4130 mentary
255 4066 379 4129 despuitis
389 4068 517 4129 expressed
529 4068 556 4116 in
567 4069 608 4117 the
619 4069 709 4117 devout
717 4070 837 4131 language
849 4070 877 4117 of
890 4068 1137 4133 temptaret—Jecur
1148 4068 1204 4119 und
1209 4068 1249 4120 tta
1258 4070 1337 4138 Bing-

134 4150 245 4218 sophera,
256 4167 279 4214 p.
291 4151 316 4199 ii.
327 4149 366 4200 ch.
378 4149 422 4199 xii.
434 4168 458 4216 p.
470 4154 528 4198 392.
959 4218 963 4225 ι
1223 4208 1233 4217 N
1317 4166 1319 4170 ³

168 4240 205 4298 (t)
224 4236 288 4285 Vide
297 4250 339 4285 ess
348 4237 435 4285 relatas
444 4237 506 4285 iuter
518 4235 623 4284 concilii
635 4235 666 4285 vi.
678 4242 738 4285 acta.
756 4235 812 4286 Act.
823 4237 866 4288 xii.
877 4240 922 4289 col.
937 4243 1010 4300 1319,
1021 4248 1038 4290 t.
1050 4240 1084 4291 iii.
1097 4239 1151 4290 Col.
1164 4240 1242 4291 Herd.

170 4324 213 4389 (5)
233 4322 303 4371 Matt.
314 4321 381 4370 mi.
392 4323 434 4370 ³6.

167 4410 206 4471 (6)
223 4407 285 4457 Luc.
297 4407 357 4457 xxii.
367 4407 411 4457 ta.

168 4494 206 4554 (⁷)
224 4490 254 4542 1..
265 4491 295 4541 de
306 4491 412 4543 adventu
422 4489 499 4542 divini
509 4488 584 4540 Verbi
595 4490 718 4560 income.
