2744 5024
429 228 499 291 'DE
520 230 687 292 SPIRITU
708 229 887 292 SANCTO.
1209 227 1263 284 tut

83 383 196 444 formatur
209 385 239 443 in
253 386 419 464 Virgine.”¹
460 388 528 448 Non
543 400 638 448 tamen
651 406 854 466 repugnamus,
870 398 901 446 ut
920 388 984 465 ipse
998 386 1123 464 Spiritus
1139 385 1261 442 Sanctus

82 482 244 558 intelligatur,
258 485 342 562 cujus
356 485 442 545 soetus
457 487 487 545 in
510 487 611 545 Mariae
626 500 706 546 utero
721 487 859 545 formatus
873 497 934 544 est:
957 485 1008 543 sed
1026 484 1098 542 nihil
1120 500 1172 540 nos
1187 480 1264 556 cogit

82 590 106 636 nt
115 579 264 638 secundum
276 583 424 640 sententies
440 585 599 642 membrum
610 584 697 641 veluti
712 584 815 660 prioris
828 601 936 641 meram
949 583 1146 660 repetitionem
1161 578 1263 636 habea·

74 668 139 742 'mun
153 693 240 747 quum
255 675 370 735 divinus
385 678 510 754 Spiritus
526 677 725 737 descendentis
739 677 867 736 influxus
883 678 976 754 aptius
993 677 1136 735 innuatur.
1169 671 1262 729 Caete·
1290 714 1293 721 .

80 772 164 828 runsi
185 771 249 848 ipse
274 771 399 848 Spiritus
425 784 545 847 utroque
567 775 632 833 loco
657 775 820 850 accipiatur,
835 773 884 831 illa
905 772 1063 850 designatio
1086 790 1144 830 non
1167 775 1263 847 potest

80 867 172 924 obstare
186 885 222 926 ne
237 887 360 944 persone
373 869 517 938 habeatur,
535 880 576 929 tot
586 870 649 929 aliis
664 869 884 947 suffragantibus
899 868 1080 927 testimoniis.

109 965 151 1018 dl.
172 962 267 1031 Quod,
287 963 433 1043 ¹referente
447 965 537 1033 Luca,
554 975 573 1002 ‘⁸
584 966 614 1024 in
628 965 717 1042 digito
740 964 832 1023 Dei”⁹
846 963 980 1024 Christus
994 964 1090 1041 ejiciat
1109 950 1260 1024 demonio,

81 1058 243 1136 “inSpixitu
259 1060 337 1118 Dei”
351 1064 376 1115 ἐν
386 1060 508 1131 arrepsisse
519 1063 575 1117 θεοῦ
593 1080 609 1118 a
624 1063 762 1120 Matthaeo
781 1060 924 1119 redditur:
947 1079 1001 1119 nec
1015 1071 1110 1118 tamen
1132 1054 1261 1129 sequitur

35 1150 39 1155 ’
81 1154 201 1232 Spiritum
217 1150 354 1216 Sanctum
365 1177 429 1216 esse
444 1178 552 1217 merem
567 1159 624 1217 Dei
639 1161 805 1236 potentiam,
816 1178 879 1232 quae
894 1168 1013 1231 utroque
1027 1157 1092 1216 ioco
1106 1149 1262 1231 significari
1300 1148 1304 1159 '

81 1250 185 1325 ridetur,
194 1255 329 1311 articulus
338 1257 456 1331 quippe,
464 1274 522 1329 quo
533 1256 657 1332 Spiritus
667 1256 789 1313 Sanctus
802 1255 970 1332 plerumque
982 1253 1156 1330 designatur,
1169 1247 1259 1307 deest.

47 1384 50 1389 -
82 1347 206 1407 Ceterum
220 1369 258 1408 ex
273 1351 450 1425 malitiaque
465 1350 622 1409 divinailla
644 1351 774 1428 prodigia
795 1351 934 1410 Pharisaei
958 1349 1140 1409 daemoniacee
1162 1361 1260 1423 operae

81 1445 264 1514 sdscribebant,
280 1448 415 1506 Christus
427 1450 552 1526 sumpsit
564 1449 744 1507 occasionem
757 1467 855 1506 eorum
869 1447 1060 1526 exaggerandi
1074 1446 1193 1507 crimen,
1208 1440 1259 1515 qui

81 1541 112 1599 tic
132 1542 270 1618 inipsum
295 1545 431 1620 Spiritum
447 1545 587 1602 Sanctum
609 1556 689 1603 erant
709 1544 927 1604 contumeliosi:
958 1554 978 1581 ‘⁸
990 1543 1060 1603 Ideo
1079 1541 1143 1600 dico
1160 1537 1257 1597 vobis:

82 1637 156 1696 Omne
170 1651 316 1716 peccatum
332 1651 361 1698 et
374 1640 553 1718 blasphemia
575 1643 732 1700 remittetur
754 1642 930 1710 hominibus,
946 1641 1062 1719 spiritus
1077 1647 1172 1696 autem
1186 1634 1259 1692 blas·

36 1734 39 1757 '
81 1731 175 1810 phemio
188 1754 245 1794 nou
260 1736 427 1795 remittetur.
468 1736 510 1795 Et
523 1737 696 1811 quicumque
708 1736 812 1823 dixepit
823 1737 941 1799 veritum
955 1745 1053 1793 contra
1064 1732 1154 1790 lilium
1169 1729 1259 1787 homi·

82 1830 123 1903 nis,
135 1834 289 1890 remittetur
304 1834 344 1891 ei:
370 1833 420 1906 qui
434 1844 527 1891 autem
542 1831 646 1891 dixerit
658 1841 757 1889 contra
770 1831 908 1907 Spiritum
924 1830 1072 1893 Sanctum,
1093 1844 1151 1883 non
1165 1823 1260 1881 remit·

81 1933 137 1983 tetur
154 1927 189 1994 ei,
205 1946 298 2000 neque
313 1928 343 1986 in
358 1928 413 1985 hoc
427 1926 542 1995 saeculo,
559 1946 652 1999 noque
668 1927 698 1983 in
712 1924 854 1984 futuro.’'⁸
888 1923 933 1982 Ile
949 1923 1058 1999 Spiritu
1073 1921 1180 1977 Sancto
1194 1919 1260 1995 lpse

81 2021 145 2096 plane
158 2023 298 2096 loquitur:
320 2025 372 2095 ἡδὲ
385 2026 430 2080 τοῦ
441 2026 583 2094 Πνέυμικος
599 2011 767 2093 umepqpls‘.
786 2059 793 2072 .
810 2057 817 2072 ·
833 2021 956 2077 scedasi
974 2018 1170 2088 nvslpcaeqroi
1180 2014 1259 2088 drp‘rrs
1355 2032 1356 2038 ’

81 2135 181 2192 eumque
214 2139 366 2197 personam
390 2120 488 2179 divina
515 2121 672 2199 fulgentem
702 2122 849 2198 majestate
880 2119 1006 2187 exhibet,
1034 2136 1119 2191 quam
1147 2114 1255 2173 violare

83 2231 204 2275 summum
220 2228 264 2275 est
278 2230 308 2276 et
322 2219 496 2296 inexpiabile
511 2218 616 2277 scelus.
658 2218 731 2277 Haec
745 2217 781 2276 de
796 2218 834 2287 vi,
850 2228 898 2275 aut
911 2216 1084 2298 reinanima,
1100 2213 1259 2291 intelligere

84 2315 264 2387 perabsurdum
279 2326 333 2376 est.
782 2388 785 2395 Ι

112 2412 151 2467 35.
170 2411 202 2470 In
217 2411 304 2471 Actis
318 2411 542 2492 Apostolorum⁴
557 2412 658 2472 Petrus
672 2414 791 2473 refertur
807 2413 918 2474 Simoni
933 2432 1017 2490 mago
1031 2409 1201 2488 predixisse
1216 2408 1259 2467 in·

85 2507 184 2577 teritum,
200 2510 276 2583 quod
292 2511 400 2569 donum
415 2511 472 2569 Dei
487 2513 532 2581 rip
544 2512 634 2582 δωςεὰν
645 2515 689 2567 τοὺ
701 2514 767 2579 θεοῦ,
789 2523 957 2589 potestatem
978 2511 1088 2568 scilicet
1101 2527 1186 2582 quam
1211 2525 1259 2583 pe·

85 2601 144 2660 tiemt
165 2607 345 2683 impertiendi
367 2606 504 2671 ,manuum
531 2597 713 2686 impositione
737 2608 876 2683 Spiritum
903 2608 1051 2673 Sanctum,
1066 2606 1261 2661 existimasset

85 2703 181 2770 pecunia
194 2705 354 2780 comparari
370 2723 464 2781 posse.
507 2705 577 2763 Non
600 2705 694 2780 ipsum
711 2704 850 2778 Spiritum
866 2703 1003 2765 Sanctum
1018 2700 1126 2764 donum
1141 2696 1197 2761 Dei
1212 2713 1259 2755 vo·

86 2796 134 2861 cari,
147 2798 192 2855 sed
208 2779 303 2876 potius
319 2800 395 2856 illam
412 2810 591 2881 potestatem,
604 2797 669 2855 inde
681 2799 842 2873 colligitur:

113 2896 151 2950 36.
176 2893 241 2975 obj.
257 2901 287 2953 2.
311 2896 478 2954 “Christus
502 2916 519 2953 a
540 2893 692 2971 discipulis
715 2893 776 2950 suis
799 2892 984 2955 discessurus
1000 2888 1129 2968 praecipit
1154 2885 1207 2952 eis,
1230 2893 1261 2944 ut

86 2992 192 3048 maneant
202 2992 229 3048 iu
241 2993 312 3048 urbo
326 2992 532 3078 Hierosolyma
543 2990 633 3048 donec
642 2988 809 3048 induantur
819 2988 930 3048 uirtute
945 3005 981 3045 cx
990 2984 1060 3050 ulte,
1069 2982 1097 3047 id
1112 2993 1156 3040 est
1168 2980 1260 3040 donec

86 3083 200 3159 accipiant
219 3088 357 3164 Spiritum
381 3088 529 3146 Sanctum.
561 3086 633 3144 Luc.
649 3090 698 3144 24.
716 3089 764 3144 49.
780 3088 877 3144 Actor.
903 3089 973 3142 l.8.
1016 3081 1142 3139 Vocatur
1165 3089 1260 3143 autem

87 3172 184 3251 Spiritus
200 3184 252 3241 iste
269 3184 401 3250 Sanctus,
417 3170 483 3257 quia
499 3182 597 3240 fideles
613 3202 663 3260 per
677 3203 742 3241 eum
758 3181 978 3245 sanctificantur,
994 3187 1022 3234 et
1036 3177 1103 3251 quia
1116 3170 1197 3235 Dens
1208 3193 1260 3252 per

86 3285 134 3332 tum
145 3281 320 3338 sanctissima
334 3291 362 3337 et
375 3280 616 3340 excellentissima
630 3299 716 3357 opera
730 3269 863 3361 peragere
875 3273 979 3345 solet.”
1003 3273 1177 3351 Wolzogen.

113 3375 151 3431 tt.
171 3374 259 3455 Resp.
281 3376 327 3434 De
350 3366 436 3435 Lucae
460 3375 523 3434 loco
545 3375 606 3452 jam
633 3377 755 3452 egimus.
797 3373 908 3435 Virtute
931 3370 1045 3428 exalto
1068 3370 1160 3428 induti
1181 3378 1260 3443 erant

86 3466 201 3542 Apostoli,
218 3476 328 3551 Spiritu
344 3476 450 3538 Sancto
465 3474 494 3531 in
509 3456 558 3531 eos
580 3473 722 3536 illabente,
738 3472 844 3533 lumen,
858 3466 1065 3533 fortitudinem,
1082 3468 1214 3539 viresque
1228 3477 1261 3524 ut

86 3556 260 3641 impertiretur.
302 3571 447 3648 “Repleti
472 3581 539 3628 sunt
559 3587 659 3626 omnes
686 3563 793 3648 Spiritu
818 3561 935 3627 Sancto,
957 3569 986 3616 et
1008 3570 1156 3635 coeperunt
1179 3561 1260 3633 loqui

87 3666 148 3725 variis
161 3670 277 3749 linguis,
293 3662 377 3747 prout
392 3670 516 3747 Spiritus
531 3667 653 3725 Sanctus
668 3663 750 3723 dabat
762 3658 858 3733 eloqui
873 3656 977 3716 illis.”³
1018 3656 1047 3715 N
1050 3675 1088 3714 ou
1108 3655 1259 3732 indignum

84 3759 305 3824 animadversione
320 3776 365 3824 est
379 3766 470 3825 omitti
486 3764 633 3828 articulum
649 3757 823 3836 pristitum,
839 3755 908 3840 poni
923 3754 1083 3833 posteriori,
1099 3772 1156 3835 quo
1177 3752 1259 3822 innui

84 3842 172 3921 ridell,
183 3863 340 3923 discrimen
354 3864 427 3926 inter
440 3864 558 3941 gratiam
573 3873 601 3919 et
614 3857 688 3916 done
703 3855 838 3932 Spiritus,
851 3853 954 3927 quibus
967 3851 1067 3927 repleti
1085 3861 1153 3908 sunt
1166 3853 1258 3929 alpos.

80 4100 134 4237 ill)
150 4105 216 4157 Oret.
227 4107 254 4156 in
266 4106 332 4156 diem
342 4105 458 4161 Natalem
468 4103 585 4160 Christi&
597 4100 628 4151 ΙΙ·
639 4115 664 4172 p-
676 4100 733 4149 780·
751 4097 791 4149 cil·
801 4113 816 4154 s
827 4097 928 4155 Peterin
939 4096 969 4150 de
986 4095 1107 4154 Triniute
1120 4096 1134 4148 l·
1144 4095 1178 4150 lil·
1189 4112 1209 4149 c.
1227 4097 1260 4155 tl·

107 4197 124 4236 v·
413 4188 422 4213 ἣ

103 4273 134 4335 (2)
150 4274 212 4327 Luc.
223 4277 260 4326 xi.
271 4276 312 4333 20.

103 4359 136 4424 (³)
154 4361 224 4413 Matr.
236 4363 279 4412 xii.
292 4367 333 4416 31.

104 4445 135 4508 (4)
152 4449 207 4498 Act.
219 4449 270 4498 viil.
281 4452 323 4499 20.

104 4529 136 4593 (b)
152 4531 207 4583 Aci·
217 4533 244 4582 ii.
255 4534 279 4586 4·
