2730 5018
26 250 44 265 ·'
106 247 175 345 2⁶}
345 258 348 263 '
412 243 469 304 DE
491 242 662 305 GRATIAE
684 240 996 304 NECESSITATE.

108 416 167 461 nott
176 400 337 477 acceptarit
379 401 411 458 Si
426 411 520 460 autem
534 401 684 479 accepisti,
703 400 775 473 qnid
785 400 916 477 gloriaris
931 400 1016 473 quasi
1035 417 1095 458 usu
1108 391 1316 473 acceperut*

109 496 182 555 Hes
195 497 311 571 quidem
326 497 500 567 dedotibos,
522 498 626 572 quibus
646 508 781 575 praestant
805 497 959 575 Evangelii
978 514 1129 573 praeoorres
1152 492 1315 568 intelligere

110 593 175 667 ¹quis
189 592 266 660 velit,
278 611 315 651 ex
329 594 470 651 sermonis
483 594 558 653 serie
571 614 580 650 ε
600 591 653 651 sed
666 604 695 651 et
707 592 884 654 defidslibus
895 592 1040 651 universis
1051 592 1158 661 valent,
1171 607 1227 647 eos
1237 587 1313 646 euim

30 680 33 685 ¹
109 672 205 749 ‘suum
220 688 382 763 allapsitur,
397 689 488 749 veluti
499 708 550 766 per
563 687 706 757 ironiam,
719 689 897 764 Apostolus:
915 688 1012 747 “an
1025 688 1144 747 saturati
1158 685 1242 752 estis,
1252 684 1312 760 jam

109 778 211 849 diriter
227 784 293 842 lacti
306 766 424 843 estias
448 785 531 860 Ergo
548 803 635 842 nemo
648 780 779 841 lidclium
790 785 905 861 gloriari
918 784 1024 861 poterit
1042 802 1074 842 se
1089 785 1127 840 ab
1141 780 1252 839 infideli
1267 780 1312 837 sui

110 880 220 963 arbitrii
229 880 367 957 exercitio
377 880 511 948 discerni,
526 880 577 938 sed
587 880 747 938 necessaris
757 880 840 937 debet
849 880 883 937 ad
895 879 1022 937 divinam
1030 879 1149 956 gratiam
1159 876 1315 935 idrelerre.

110 1000 136 1055 ‚-
152 981 200 1034 rs.
222 964 335 1047 risen,
348 986 378 1035 u
390 978 488 1035 omnia
501 978 576 1034 noea
589 978 691 1049 quibus
707 976 835 1043 fruimur,
850 976 888 1033 aa
900 977 1062 1034 manaem
1078 975 1139 1033 rtet
1155 985 1186 1031 a
1200 973 1312 1030 munta

111 1074 234 1132 seutiam
249 1081 411 1141 constanter
422 1073 507 1131 refert
520 1073 689 1149 Apostolus.
727 1078 748 1109 ‘⁶
761 1073 841 1130 Deus
856 1084 961 1139 autem,
973 1074 1022 1145 qui
1037 1071 1117 1129 diues
1129 1080 1176 1129 est
1187 1071 1217 1127 iu
1228 1069 1313 1127 mise·

111 1156 244 1259 deordia,
259 1156 375 1249 propter
388 1170 506 1229 nimiam
520 1170 685 1228 charitatem
697 1189 777 1227 suam
793 1189 849 1241 qua
863 1169 964 1227 dilexit
976 1188 1028 1226 uos
1051 1209 1059 1224 .
1082 1208 1092 1225 .
1114 1209 1122 1224 .
1147 1208 1157 1223 .
1177 1175 1211 1222 ut
1218 1175 1314 1225 osten·

110 1250 194 1353 deret
205 1268 237 1325 iu
246 1248 637 1344 saeculis'superreuientibus
650 1267 824 1325 abundantes
836 1267 949 1323 divitias
961 1266 1059 1342 gratius
1067 1282 1129 1323 suae
1144 1265 1178 1320 iu
1190 1264 1312 1321 bonitate

109 1380 265 1439 supernos
281 1363 310 1421 iu
325 1362 442 1421 Christo
456 1363 541 1421 Iesu.
580 1363 681 1421 Gratia
691 1365 767 1420 enim
780 1364 848 1421 estis
860 1362 960 1419 salvati
976 1380 1026 1438 per
1036 1361 1175 1428 iidem,et
1188 1360 1244 1418 boc
1254 1379 1310 1418 uon

113 1476 150 1516 cx
164 1458 256 1543 uobis,
271 1458 328 1515 Dei
341 1459 420 1516 enim
433 1458 540 1515 donum
554 1471 616 1515 est:
638 1478 696 1516 non
710 1478 746 1515 ex
761 1459 906 1534 operibus,
922 1469 953 1515 ut
966 1477 1005 1515 ne
1018 1460 1085 1529 quis
1097 1456 1245 1532 glorietur.
1266 1455 1312 1532 lp·

113 1534 263 1635 sicutenim
286 1571 386 1610 sumus
400 1553 517 1620 factura,
540 1554 626 1610 creati
640 1554 671 1611 in
692 1555 811 1611 Christo
826 1555 898 1611 Jesu
920 1554 951 1611 in
972 1555 1107 1628 operibus
1126 1553 1223 1620 bouis,
1249 1570 1324 1624 quta

113 1649 282 1727 preparavit
295 1647 375 1705 Deus
391 1659 421 1727 ut
442 1649 473 1706 iu
494 1649 552 1705 illis
567 1648 795 1706 ambulemus.”¹
834 1649 916 1706 Bona
936 1667 1023 1724 opera
1047 1648 1135 1723 igitur
1157 1652 1332 1723 praeparatffi

115 1752 183 1821 sunt
195 1764 212 1801 a
225 1744 300 1825 Deo,
327 1746 375 1817 qui
391 1762 444 1825 pos
458 1746 574 1812 creavit,
599 1745 683 1803 vitam
699 1747 941 1822 supernaturalem
957 1746 986 1803 iu
1002 1745 1119 1803 Christo
1133 1744 1204 1802 Jesu
1227 1742 1337 1811 tribu„

112 1839 244 1907 eudo,.et
257 1838 432 1921 lidem,·ejus
446 1841 596 1916 originem,
620 1841 797 1917 inspirando.
837 1841 924 1898 Nulla
938 1842 1022 1898 uobis
1039 1840 1207 1912 relinquitur
1228 1839 1335 1916 glori.

118 1934 185 1993 sutli
199 1936 279 2013 ratio,
292 1924 453 2025 fluum-tion
464 1954 501 1993 ex
513 1937 658 2012 operibus,
671 1936 722 1993 sed
736 1956 773 1993 ex
783 1936 839 1994 Dei
854 1936 940 2003 dono,
952 1936 1023 1993 tides
1038 1935 1104 2011 ipsa
1114 1937 1273 2012 proveniat.

159 2036 205 2090 ll.
228 2030 394 2091 Corinthios
418 2032 507 2090 instar
529 2033 656 2109 epistolae
671 2042 755 2090 manu
778 2032 834 2090 Dei
855 2034 979 2109 scriptae,
1004 2034 1104 2109 spiritu
1128 2033 1190 2108 ejus
1214 2050 1327 2110 eurtum

115 2128 253 2209 'cordibus
276 2130 407 2209 ueritates
428 2128 567 2197 caelestes,
595 2129 671 2188 dono
695 2131 773 2198 fidei,
799 2132 988 2208 insculpente,
1017 2131 1114 2189 habuit
1135 2131 1322 2207 Apostolus,-

119 2224 272 2302 “epistola
285 2226 354 2282 estis
373 2224 494 2293 Christi,
508 2225 665 2283 ministrata
679 2246 695 2283 a
708 2228 801 2293 nobis,
828 2237 856 2284 et
877 2229 982 2303 scripta
1001 2246 1058 2286 uon
1073 2237 1240 2293 atramento,
1260 2241 1317 2298 sed

114 2321 218 2397 ppiritu
230 2318 290 2399 ¹Dei
304 2320 380 2377 viri:
402 2320 502 2378 nonin
518 2320 619 2377 tabulis
634 2320 765 2396 lapideis,
787 2321 838 2377 sed
853 2322 883 2379 iu
905 2318 1013 2379 tabulis
1026 2321 1121 2380 cordis
1142 2320 1309 2390 carnalibus,

119 2416 266 2477 Fiduciam
282 2426 376 2474 autem
389 2417 473 2475 talem
488 2417 636 2486 habemus,
655 2437 706 2493 per
721 2417 869 2476 Christum
884 2418 920 2475 ad
934 2418 1050 2486 Deum;
1070 2437 1129 2477 uon
1144 2416 1222 2490 quod
1236 2420 1306 2481 stiffi.

116 2514 226 2583 ¹cientes
241 2514 331 2571 simus
346 2514 469 2590 cogitare
482 2513 588 2585 aliquid
603 2534 619 2570 a
632 2514 726 2579 nobis,
742 2514 822 2585 quasi
837 2532 873 2570 ex
886 2514 983 2571 uobis:
1006 2513 1055 2571 sed
1067 2513 1238 2571 sufficieutia
1248 2532 1302 2576 noa·
1348 2520 1357 2581 ξ

113 2619 160 2667 tra
173 2627 210 2667 ex
224 2608 289 2668 Deo
300 2608 390 2665 est.’'⁸
429 2609 519 2684 lgitur
533 2609 656 2684 Spiritus
671 2608 728 2666 Dei
749 2628 822 2684 opus
837 2609 867 2667 iu
881 2609 1086 2667 homiuum·ad
1100 2608 1188 2667 fidem
1206 2608 1300 2671 traduc·
1354 2624 1357 2633 '

117 2706 196 2781 ¹tione
211 2704 423 2783 agnoscendum
438 2714 501 2761 est:
523 2723 577 2763 uec
598 2714 719 2782 possunt
739 2723 885 2784 praecones
906 2704 1013 2780 aliquid
1031 2705 1118 2765 voluti
1132 2724 1150 2763 e
1163 2723 1216 2763 suo
1237 2724 1299 2781 penu

118 2820 250 2879 promere
265 2801 340 2874 quoti
357 2821 415 2862 rem
430 2801 501 2861 adeo
515 2800 638 2861 divinum
655 2811 895 2877 promptissumo
911 2801 1058 2869 audientes
1069 2801 1175 2874 aliquid
1190 2802 1301 2877 cogitau-

118 2900 165 2965 do,
181 2900 268 2957 voluti
283 2920 299 2955 s
313 2918 354 2966 ss,
370 2898 496 2956 conferre
512 2909 649 2974 possunt:
672 2897 724 2955 sed
737 2898 830 2957 omnis
851 2899 933 2957 house
948 2907 976 2956 et
989 2900 1118 2958 salutaris
1134 2899 1302 2976 cogitationis

117 2996 231 3055 initium
246 2995 280 3053 ad
295 2996 389 3053 Deum
405 2994 582 3052 referendum
597 3008 653 3053 sst.
808 2993 811 2999 ’

159 3098 205 3151 ld.
230 3092 336 3148 “Cum
363 3103 439 3148 metu
463 3101 492 3148 et
516 3101 635 3149 tremore
661 3094 782 3150 vestram
808 3093 927 3150 salutem
952 3092 1120 3168 operamini.
1163 3091 1245 3155 Deus
1268 3104 1307 3152 est

116 3190 204 3251 rrriru,
227 3188 276 3259 qtti
297 3196 430 3261 optaretur
451 3187 480 3243 iu
496 3187 576 3243 vobis
596 3198 625 3243 et
639 3188 721 3253 velle,
745 3198 773 3244 et
793 3190 939 3262 perficere,
962 3208 1014 3264 pro
1035 3190 1108 3245 bona
1123 3189 1309 3246 voluntate.’'⁴

117 3284 158 3343 hd
174 3283 347 3357 diligentium
363 3283 392 3339 iu
407 3282 504 3337 salutis
520 3284 634 3357 negotio
649 3283 773 3340 hortatur
789 3286 944 3359 Apostolus
965 3270 1075 3352 fideles,
1089 3304 1162 3358 quos
1186 3299 1309 3344 metuero

117 3378 186 3443 uult,
200 3395 288 3449 quum
310 3395 346 3433 ex
361 3375 457 3432 divina
471 3377 558 3452 gratia
581 3378 644 3452 ipsa
667 3380 741 3435 bona
757 3381 895 3447 voluntas,
921 3392 950 3438 et
973 3383 1039 3439 selis
1059 3384 1155 3439 exitus
1180 3383 1309 3458 pendeat.

116 3476 214 3531 l'uttsu
227 3473 335 3529 umoris
349 3482 402 3539 est,
418 3490 454 3529 ue
468 3471 608 3540 socordia,
621 3474 667 3530 rel
681 3477 769 3533 nimia
783 3475 897 3542 fiducia,
910 3480 1005 3552 gratie
1017 3489 1138 3553 ponatur
1148 3480 1234 3544 obex,
1247 3481 1311 3536 sub·

115 3572 172 3631 luto
188 3570 263 3628 enim
279 3569 377 3626 divino
391 3569 500 3626 auxilio
511 3586 596 3627 uerno
611 3582 704 3644 potest
718 3572 838 3629 salutem
855 3573 984 3647 adipisci.
1027 3574 1132 3645 Liquet
1152 3575 1239 3649 igitur
1253 3583 1314 3633 om-

115 3684 180 3726 uem
195 3666 345 3723 salutarem
361 3675 464 3732 actum,
479 3673 507 3722 ei
521 3665 614 3741 ipsam
628 3667 801 3725 voluntatem
820 3670 891 3726 beue
907 3669 1010 3744 agendi
1029 3689 1048 3726 a
1066 3670 1122 3727 Dei
1136 3672 1227 3746 gratia
1241 3671 1314 3728 deri-

116 3781 181 3821 rure
196 3762 346 3836 originem.

155 3860 202 3915 ld.
223 3855 379 3933 Apostolus
392 3856 519 3915 lacobus
531 3858 625 3917 Derim
642 3861 818 3918 omnisboni
839 3871 983 3919 auctorem
997 3863 1124 3929 exhibet,
1152 3863 1314 3937 praesertim

113 3952 276 4027 natiuitatis,
291 3971 355 4023 qtroe
370 3952 402 4009 iit
416 3954 524 4010 veritati
548 3956 682 4011 reuelatae
692 3956 848 4013 credendo:
872 3966 891 3992 ‘⁸
901 3958 1005 4014 Nolite·
1020 3959 1115 4029 itaque
1129 3976 1234 4024 errare,
1260 3959 1317 4015 fra·

113 4058 170 4105 tros
185 4048 242 4104 mei
262 4046 452 4104 dilectissimi.
494 4048 591 4106 Omns
603 4050 698 4107 datum
713 4053 865 4125 optimum,
887 4063 915 4109 et
929 4072 1015 4111 omne
1028 4053 1136 4110 mutim
1151 4055 1315 4130 perfectum

112 4144 262 4203 desursum
278 4153 332 4208 est,
353 4142 529 4199 descendeus
544 4164 561 4200 a
574 4145 657 4202 Patre
671 4145 825 4212 luminum,
844 4149 918 4222 apud
933 4169 1020 4222 quem
1034 4170 1090 4208 nou
1105 4162 1149 4207 est
1171 4162 1318 4209 transmu-

112 4238 191 4307 uuo,
204 4256 257 4297 uec
271 4235 475 4295 vicissitudinis
487 4238 673 4296 obumbratio.
698 4240 860 4300 Voluntatis
873 4245 951 4303 enim
961 4247 1060 4322 genuit
1071 4232 1124 4304 nos
1137 4248 1223 4304 verbo
1240 4249 1318 4305 reri·

311 4447 353 4511 (l)
368 4446 389 4496 1.
401 4443 458 4494 (lor.
470 4444 501 4494 ir.
513 4448 537 4494 7.
902 4453 943 4519 (2)
957 4453 1026 4516 Eph.
1035 4454 1063 4502 ii..
1073 4456 1100 4502 4.

312 4532 354 4597 (8)
368 4530 398 4580 11.
414 4528 512 4580 Contu
522 4532 545 4578 3.
903 4537 945 4603 (4)
960 4538 1022 4588 Phil.
1033 4539 1059 4588 it.
1071 4541 1111 4590 13.
