2730 5018
31 330 41 341 -
110 307 187 366 aas·
417 302 669 364 adeamne
691 290 999 364 sucessimus.

16 440 39 479 “·
111 461 181 522 lium
204 503 211 519 .
234 503 243 519 .
265 479 407 520 ,necesse
420 462 566 529 estenim,
581 470 612 518 ut
626 461 852 536 quoauxiliante
867 462 1146 531 vincamus,eonon
1160 442 1277 539 adjuvante
1325 526 1327 531 ,

110 558 301 617 vincamur.”¹

151 659 200 712 52.
222 655 319 712 Nemo
334 654 418 730 igitur
435 653 471 710 de
483 654 684 711 tentationibus
699 653 843 720 omnibus,
859 654 1017 730 presertim
1032 653 1273 735 vehementioribus,
1293 729 1296 733 ἢ

111 750 257 808 victoriam
272 751 326 806 sibi
341 748 471 825 polliceri
492 748 605 825 poterit,
621 749 676 806 nisi
700 748 798 806 divino
813 749 921 807 auxilio
944 748 1075 817 innixus,
1091 749 1168 823 quod
1189 751 1232 812 fide
1248 759 1275 818 in.

39 840 62 861 ’”
110 856 232 903 structus
247 844 393 902 humiliter
405 845 489 903 debet
503 844 672 920 implorare:
695 844 758 903 “ln
782 845 915 902 omnibus
934 855 1084 903 sumentes
1105 856 1211 905 scutum
1222 852 1276 926 fidei,

111 942 141 1000 iu
155 961 212 1015 quo
227 943 343 1018 possitis
357 942 454 999 omnia
467 941 523 998 tela
536 940 705 1013 nequissimi
727 940 812 1016 ignea
825 940 1105 1018 extinguere.'’⁸-“
1118 934 1206 1000 Omne
1223 953 1278 1020 quod

111 1048 209 1096 natum
223 1048 317 1096 estex
331 1037 396 1096 Deo
410 1038 498 1096 vincit
510 1037 659 1104 muudum,
674 1047 703 1095 et
716 1037 778 1095 hec
791 1047 836 1095 est
848 1038 966 1096 victoria
979 1057 1043 1113 qnae
1059 1039 1149 1098 vincit
1161 1044 1279 1118 mundun,
1326 1023 1327 1063 ³

112 1133 186 1192 fides
199 1133 340 1192 nostra-”⁸

152 1236 200 1288 53.
226 1229 341 1288 Stert'lr‘s
356 1228 508 1302 aliquando
521 1228 557 1286 de
571 1230 773 1289 tentationibus
788 1213 946 1306 reportatur
967 1231 1096 1299 victoria,
1110 1230 1217 1305 quando
1229 1238 1283 1297 scili-

109 1326 235 1398 estquis
250 1324 497 1383 humenisduetus
518 1325 673 1382 rationibus
694 1323 834 1400 peccandi
855 1327 1038 1384 occasionem
1060 1325 1176 1395 devitat,
1191 1329 1284 1400 quiade
1310 1382 1316 1401 ,

111 1423 176 1482 Deo
189 1423 295 1499 cogitet
316 1421 475 1503 animeque
496 1418 596 1477 salute.
640 1420 690 1478 Sic
713 1420 810 1497 plures
831 1421 1008 1491 ebrietatem,
1021 1420 1184 1491 libidinem,
1198 1424 1285 1498 aliaque

111 1521 217 1576 evitant
240 1526 365 1594 peccam
390 1515 519 1577 honoris.
542 1514 681 1583 utilitatis,
704 1515 749 1572 vel
772 1514 941 1574 valetudinis
966 1516 1082 1577 soliciti.
1135 1516 1288 1595 Hujusmudi

110 1615 256 1673 victoriam
272 1615 380 1685 absque
394 1612 492 1670 divino
513 1613 621 1670 auxilio
642 1612 849 1689 supernaturali
863 1613 959 1671 referri
974 1632 1061 1690 posse
1082 1615 1134 1687 qui
1148 1615 1290 1677 existimant
1324 1598 1327 1627 ³

109 1729 223 1770 summa
236 1711 338 1786 injuria
352 1729 367 1764 a
381 1708 453 1785 Bajo
468 1706 585 1765 traducti
598 1717 674 1775 sunt,
690 1708 777 1766 veluti
792 1706 945 1785 Pelagiana
959 1708 1022 1767 labe
1037 1708 1162 1767 inlecti*

152 1813 200 1866 54.
223 1806 333 1865 Eadem
348 1805 503 1862 temeritate
515 1814 574 1860 atra
587 1815 653 1862 nota
666 1807 700 1863 ab
715 1805 816 1864 eodem
830 1805 922 1863 inusta
934 1815 981 1863 est
994 1805 1157 1882 Theologis
1168 1805 1291 1882 duplicem

113 1906 350 1982 distinguentibus
375 1920 513 1969 amorem,
529 1904 681 1960 naturalem
709 1904 819 1961 scilicet
841 1923 899 1976 quo
920 1902 1146 1980 Denszdiligitur
1167 1898 1196 1961 nl
1215 1917 1293 1964 auctor

113 2015 228 2070 nature,
243 2012 272 2060 et
285 2001 436 2078 gratuitum
450 2018 507 2072 quo
521 1998 602 2056 Deus
618 2010 727 2058 amatur
740 2013 771 2058 ιιι
784 2001 967 2059 beatificator.
1009 1998 1156 2074 Equidem
1180 2013 1291 2060 auctores

113 2102 241 2178 insignes
256 2100 329 2157 hanc
343 2105 522 2174 propugnant
536 2095 758 2165 distinctionem,
774 2117 836 2171 quae
848 2097 955 2156 idcirco
969 2088 1088 2156 vana'ac
1105 2099 1292 2169 commentitia,

113 2209 197 2276 prout
209 2216 271 2255 earn
287 2195 417 2271 designat
429 2193 544 2267 Bajus,⁵
557 2193 632 2250 haud
646 2194 729 2251 facile
743 2195 886 2253 censenda
899 2205 953 2253 est.
980 2195 1126 2253 Ceterum
1138 2205 1243 2271 negant
1253 2201 1294 2254 du·

112 2294 340 2369 gustinianenses
361 2289 507 2347 hominem
528 2289 640 2365 lapsum
663 2288 757 2348 Deum
781 2292 865 2350 etiam
889 2303 918 2350 ut
929 2304 1072 2350 auctorem
1095 2301 1202 2349 naturae
1224 2310 1327 2368 super‘

111 2389 209 2449 omnia
222 2388 339 2464 diligere
353 2403 439 2463 posse
453 2384 516 2441 sine
529 2385 619 2461 gratia
633 2387 865 2462 supematurali.⁸

411 2611 448 2670 (l)
467 2608 515 2672 Ep.
527 2607 557 2656 ed
570 2606 647 2657 Cone.
660 2607 744 2659 cartu

409 2696 446 2753 (a)
464 2691 571 2755 apuu.
586 2695 624 2740 re.
752 2684 755 2689 '

409 2780 451 2846 (3)
471 2779 490 2826 Ι.
499 2779 570 2826 Joeu.
583 2794 606 2826 v.
617 2780 642 2827 4.

409 2866 446 2923 (4)
466 2863 536 2926 Prop.
548 2879 608 2912 xxx.

411 2949 454 3011 (5)
475 2948 546 3010 Prop.
558 2949 644 2998 xxxiv.

413 3033 457 3095 (6)
477 3031 541 3095 Syst.
550 3032 616 3093 Aug.
629 3031 703 3080 Vind.
715 3047 730 3080 tt
741 3030 885 3099 Beni—Diss.
896 3031 931 3080 iii
942 3045 962 3079 c.
973 3030 990 3079 i.
