2730 5018
119 282 180 343 uc
371 228 694 377 'musanus
715 272 1025 338 unumruonun.

120 439 264 498 Ceterum
275 434 341 495 bure
354 452 535 508 quecumque
548 434 675 512 cognitio
688 452 747 493 non
757 435 838 493 omni
851 443 928 493 caret
941 432 1105 503 formidine,
1119 448 1210 508 quum
1228 432 1305 496 cordis
1321 454 1325 461 ·
1354 412 1357 464 ²

120 534 210 593 nostri
224 532 343 589 affectus
358 548 417 588 non
430 546 548 605 sempor
558 530 643 587 uobis
657 529 796 605 explorati
810 530 878 596 sint,
892 547 946 588 nec
959 528 1036 588 dona
1048 527 1097 588 sel
1111 547 1215 587 arcana
1232 548 1308 607 opera

119 630 243 707 Spiritus
270 627 370 685 Sancti
388 625 465 685 certd
487 619 693 703 innotescant'
717 624 874 701 Apostolus
895 644 994 684 resera
1007 645 1068 684 non
1081 627 1141 702 agit
1154 644 1191 685 eo
1211 626 1307 688 locide
1352 668 1357 679 .

118 724 306 805 singntprumo
324 720 521 797 persuasione,
536 718 587 776 sed
602 718 638 776 de
659 719 763 777 divine
783 719 929 796 religionis
943 721 1065 798 origine,
1079 721 1253 797 argumentis
1271 722 1308 781 de

119 816 242 896 sumptis
256 837 293 875 cx
304 816 456 874 dilectione
471 814 592 872 fraterna
603 832 688 887 quam
701 814 794 882 docet,
808 824 838 871 et
851 832 888 873 ex
899 815 1024 892 Spiritus
1036 816 1139 874 Sancti
1152 815 1245 883 donis,
1256 835 1308 889 que

118 915 234 992 largiter
246 913 340 970 effusa
353 912 414 987 visa
427 919 504 969 sunt.
547 912 605 978 Qui
619 911 708 968 credit
727 910 758 966 iu
771 909 878 997 lilium
899 909 966 977 Dei,
982 910 1151 987 hujusmodi
1167 922 1258 969 motus
1275 930 1308 971 ra·
1325 955 1328 961 -

119 1012 255 1077 tionibus,
280 1006 585 1069 habes-testimoninm
611 1007 666 1064 Dei
689 1007 719 1063 in
742 1023 784 1073 se,
798 990 919 1082 'excipit
939 1006 1011 1064 illud
1032 1007 1157 1076 scilicet,
1178 1016 1206 1065 et
1229 1007 1311 1067 dirius

120 1109 218 1166 nititur
232 1107 358 1164 veritate.
399 1105 445 1163 De
460 1105 558 1180 gratiae
571 1104 618 1161 vel
634 1104 752 1179 justitie
766 1103 843 1161 dono
864 1103 983 1162 hicnon
999 1105 1102 1180 agitur.

158 1209 228 1262 286.
254 1201 320 1280 otj.
335 1208 364 1260 7.
386 1202 418 1259 S.
443 1201 571 1258 Hilarius
597 1200 786 1277 Pictauiensis
812 1200 870 1257 ait:
893 1200 1095 1261 “Justilicatio
1116 1219 1156 1258 ex
1170 1201 1226 1260 tide
1246 1208 1311 1270 nulla

74 1342 79 1357 .
119 1312 173 1368 est,
188 1303 213 1357 si
227 1299 300 1357 fides
315 1301 378 1374 ipsa
391 1299 440 1354 list
453 1297 633 1374 ambigua.”²

132 1464 136 1471 Ι
156 1400 226 1454 287.
248 1393 337 1470 Rerp.
360 1392 405 1449 De
419 1392 577 1451 futurorum
593 1394 734 1453 bonorum
753 1411 807 1470 spe
821 1394 880 1470 agit
899 1401 1013 1452 sanctus
1026 1393 1139 1463 doctor,
1154 1403 1183 1452 et
1196 1415 1304 1474 regnunt

119 1491 253 1550 calorum
281 1505 387 1564 magns
415 1506 483 1546 cum
515 1488 619 1546 fiducia
644 1484 853 1566 expectandum
876 1489 954 1558 vult;
982 1508 1036 1548 nec
1071 1491 1151 1549 enim
1172 1493 1309 1568 justificari

120 1602 282 1664 possemus,
297 1585 323 1640 si
338 1583 530 1641 dubitaremus
543 1594 638 1642 utrum
653 1585 702 1643 illa
722 1586 845 1644 tumulos
860 1584 916 1644 Dei
923 1602 1025 1644 revera
1039 1567 1192 1645 maneant:
1209 1597 1228 1625 “
1240 1589 1308 1650 Ocn-

119 1692 257 1758 temptum
273 1678 401 1745 seculi,’'
418 1681 512 1753 inquit
534 1689 592 1737 “et
605 1680 738 1739 fiduciam
760 1682 917 1740 futurorum
932 1691 991 1740 tcto
1013 1684 1162 1759 superiore
1184 1702 1307 1746 sermone

120 1775 317 1855 preceperat'’
335 1778 350 1852 (
354 1774 492 1832 Christus
493 1775 583 1850 ),-⁴‘
594 1777 754 1834 confirmari
770 1794 822 1835 nos
842 1778 873 1835 in
893 1793 977 1853 spem
999 1777 1141 1835 bonorum
1155 1789 1313 1840 aetemorun

119 1877 257 1935 laborat.
280 1916 288 1930 .
311 1915 319 1930 .
341 1890 461 1948 regnum
483 1873 616 1931 celorum
640 1915 648 1930 .
671 1915 678 1930 .
702 1915 710 1930 .
732 1872 793 1931 vult
816 1873 879 1930 sine
903 1872 999 1945 aliqua
1022 1874 1139 1931 incertas
1164 1874 1310 1934 voluntatis

117 1972 301 2047 ambiguitate
314 1966 441 2044 sper'sri:
463 1969 589 2040 alioquin
606 1969 772 2045 justificatio
786 1986 824 2025 ex
837 1967 893 2025 lide
907 1968 985 2026 nulla
999 1976 1052 2036 cst,
1067 1970 1093 2027 si
1107 1969 1181 2028 fides
1195 1971 1260 2048 ipsa
1270 1973 1310 2030 fat

120 2065 284 2143 ambigua.”

159 2169 229 2222 288.
255 2160 323 2240 obj.
345 2165 374 2220 8.
396 2161 574 2237 Augustinus
590 2161 677 2218 dicit:
701 2161 845 2234 “Siquis
867 2161 1005 2238 Spiritum
1021 2161 1133 2221 Ohris'ti
1155 2164 1314 2235 nonhabet,

119 2261 167 2317 hic
188 2266 305 2317 nonest
329 2258 402 2333 ejus.
445 2257 523 2314 Ecce
549 2256 700 2332 adjuvaute
726 2258 817 2334 ipsius
839 2240 1033 2316 misericordia
1047 2258 1189 2334 Spiritum
1215 2259 1314 2320 christ

118 2354 268 2420 habemus,
283 2370 320 2409 cx
334 2353 398 2427 ipsa
412 2351 598 2409 delectatione
615 2353 744 2428 justitie,
766 2353 876 2429 integra
889 2352 955 2422 lide,
979 2353 1132 2413 Catholica
1151 2355 1210 2414 fide
1234 2356 1314 2434 Spiri-

120 2458 180 2506 tum
196 2447 253 2506 Dei
268 2448 299 2505 iu
313 2446 396 2504 nobis
410 2464 475 2504 esse
489 2446 742 2522 cognoscimus.”⁹
951 2444 955 2453 '
1336 2434 1344 2453 ⁰

163 2548 234 2602 289.
258 2542 347 2619 Recp.
363 2542 472 2600 Indicia
488 2541 763 2617 quaedamSpiritus
777 2543 876 2600 Sancti
890 2544 966 2601 intus
979 2543 1133 2604 habitantis
1150 2548 1240 2624 justis
1260 2567 1318 2625 sup·

120 2649 231 2720 petunt,
247 2657 312 2711 quaa
327 2656 426 2714 pacem
442 2637 635 2714 gaudiumque
651 2637 785 2706 offerent,
800 2657 855 2696 nec
869 2649 963 2696 tamen
978 2657 1093 2699 omnem
1109 2643 1318 2702 errandiexclu·

120 2739 191 2796 dunt
204 2734 396 2794 formidinem.
440 2733 590 2790 Catholicu
603 2733 675 2790 fides
687 2743 731 2791 est
751 2734 1013 2794 fundamentumet
1033 2737 1106 2796 ratio
1124 2739 1196 2797 tanti
1219 2739 1317 2816 gaudii,

121 2833 323 2891 accedentibus
338 2831 447 2888 ceteris
462 2831 622 2887 virtutibus.

158 2932 228 2987 290.
254 2926 321 3005 obj.
337 2931 366 2982 9.
388 2926 525 3001 injuriam
541 2925 609 2981 facit
623 2924 697 2992 Deo,
713 2927 762 2998 qui
777 2923 885 2984 dubitat
898 2929 933 2986 de
945 2937 1126 3004 peccatorum
1139 2928 1318 2990 remissione.

158 3029 226 3081 291.
248 3023 338 3098 Resp.
362 3021 406 3078 De
422 3021 477 3077 Dei
492 3021 688 3077 misericordia
701 3021 809 3097 optime
823 3022 1023 3090 sentiendum
1046 3025 1097 3082 sed
1113 3044 1203 3098 quum
1225 3028 1318 3085 animo

118 3120 267 3195 poenitenti
281 3126 310 3174 et
323 3116 425 3174 humili
441 3117 524 3173 venia
538 3117 576 3172 sit
596 3119 747 3191 promissa,
763 3119 792 3174 in
815 3118 861 3175 his
883 3119 1049 3177 excolendis
1072 3123 1223 3180 virtutibus
1247 3142 1320 3200 mag·

117 3234 186 3272 uum
208 3212 372 3288 ponendum
387 3220 431 3266 est
453 3211 594 3276 studium3
611 3223 638 3266 et
654 3211 760 3282 nequid
774 3231 789 3268 e
805 3222 900 3271 nostra
920 3225 998 3290 parte
1023 3215 1204 3275 desideretur
1224 3218 1317 3275 lormi-

118 3309 242 3366 dandum
263 3316 316 3362 est.
359 3305 458 3360 Nimia
473 3305 520 3359 illa
536 3304 649 3372 fiducia,
665 3325 728 3377 qnae
752 3309 844 3381 ipsam
866 3311 986 3369 salutem
1006 3313 1090 3370 etiam
1112 3315 1241 3389 respicit,
1258 3314 1319 3372 Deo

119 3404 258 3481 injuriosa
282 3410 335 3466 est,
351 3407 380 3456 et
401 3399 431 3456 in
451 3399 600 3456 hominum
626 3402 784 3476 perniciem
810 3405 895 3474 cedit,
918 3407 958 3463 uti
982 3408 1181 3466 animadvertit
1202 3409 1318 3467 Bullus:

120 3501 238 3558 “Juxta
261 3498 335 3554 hanc
357 3497 526 3554 seutentiam
552 3497 657 3555 fiducia
680 3509 708 3556 et
729 3504 876 3576 persuasio
900 3502 934 3559 de
956 3504 1094 3562 electione
1116 3509 1320 3578 nostra,'quasi

118 3597 226 3674 primus
242 3592 344 3668 gradus
360 3593 389 3648 in
404 3592 479 3647 scala
493 3592 591 3648 salutis
607 3596 747 3662 statuitur,
761 3595 954 3683 docentnrque
968 3599 1101 3656 homines
1113 3600 1245 3658 nondum
1262 3603 1319 3678 jus·

119 3691 226 3755 tificati,
242 3699 305 3745 ante
320 3705 434 3744 omnem
450 3687 641 3745 obedientiam
656 3709 736 3747 suam
752 3691 826 3748 hanc
840 3692 974 3751 fiduciam
986 3696 1148 3771 concipere.
1174 3697 1319 3755 Sententia
1343 3752 1349 3765 ,

119 3799 175 3846 tam
191 3788 287 3861 inepta
301 3795 329 3840 et
342 3783 462 3840 absurda
476 3794 507 3839 ut
521 3784 688 3842 refutatione
704 3806 820 3862 prorsus
836 3788 953 3865 indigna
966 3791 1003 3847 sit
1016 3810 1023 3858 ;
1040 3801 1096 3850 tam
1112 3791 1180 3850 verd
1195 3793 1320 3870 impiant

116 3884 285 3964 periculosa,
300 3892 331 3939 ut
344 3872 423 3938 ouini
445 3879 513 3939 odio
536 3891 563 3938 et
578 3884 679 3954 quovis
701 3885 879 3943 anathemate
900 3888 937 3943 sit
958 3887 1179 3963 dignissima.’'³

157 3985 226 4039 292.
253 3978 320 4056 Obj.
339 3983 385 4035 10.
408 3978 471 4034 Pax
496 3978 626 4036 habenda
647 3990 692 4037 est
713 3980 748 4037 ad
774 3981 881 4048 Deum,
898 3984 982 4059 juxta
1003 3985 1138 4061 Apostoli
1160 3989 1317 4050 monitum

118 4075 300 4136 “iustificati
314 4090 383 4148 ergo
396 4090 434 4138 ex
449 4072 504 4128 lide
520 4091 620 4148 pacem
635 4074 789 4132 habeamus
804 4075 840 4132 ad
856 4077 1003 4135 Deum’ts

320 4247 362 4311 (l)
383 4244 480 4295 Comm.
492 4245 519 4294 in
532 4245 593 4294 Mat.
605 4262 626 4295 e.
635 4262 657 4293 v.
667 4251 724 4298 n.6.

317 4332 358 4395 (2)
381 4330 459 4377 Serm.
472 4332 495 4378 6.
507 4330 537 4378 dc
548 4331 635 4380 verbis.
648 4332 736 4396 Δροσί.

268 4416 269 4420 ’
315 4417 357 4482 (3)
377 4414 467 4464 Bullus
480 4415 595 4466 Examen
606 4415 731 4480 Censurae,
750 4419 822 4486 Resp.
834 4420 865 4470 ad
877 4422 963 4473 Auim-
974 4423 1025 4474 xiii„
1038 4429 1052 4486 ξ
1067 4429 1091 4476 7.

321 4502 363 4568 (4)
383 4501 453 4550 Rom.
465 4516 488 4550 v.
503 4504 525 4548 l.
