2744 5024
253 688 393 767 PARS
422 686 453 765 Ι.
511 685 848 767 THEOLOGIA
882 684 1182 764 SPECIALIS.

624 873 796 886 ——-

565 965 603 1023 0.
624 965 649 1024 1.
692 966 749 1024 DE
771 966 869 1026 ΠΕΟ.

143 1178 147 1188 ,
164 1124 191 1180 l.
213 1118 258 1178 De
274 1118 337 1178 Deo
352 1117 420 1191 quid
440 1117 503 1194 ipso
516 1116 659 1175 revelante
673 1115 857 1174 didicerimus
877 1137 978 1176 sumus
992 1118 1128 1178 tradituri.
1157 1102 1320 1176 'Novimus

79 1284 82 1293 Ι
121 1215 214 1275 valida
227 1226 394 1292 argumenta
415 1213 553 1273 Numinis
574 1212 710 1290 Supremi
723 1213 829 1286 ubique
843 1214 874 1272 in
893 1233 986 1272 rerum
1008 1226 1107 1295 natura
1121 1225 1226 1292 presto
1240 1232 1318 1278 esse,

121 1330 186 1385 quae
200 1311 329 1391 insignes
343 1319 471 1368 auctores
491 1308 600 1385 passim
615 1307 769 1384 explicant,
784 1307 906 1377 Artem,
921 1310 972 1383 qui
992 1310 1086 1370 Deum
1101 1321 1216 1388 negant,
1237 1309 1320 1367 omni

122 1407 241 1466 telorum
254 1425 358 1485 genere
372 1406 524 1464 obruentes
536 1409 558 1461 :¹
579 1403 631 1462 sed
645 1404 790 1481 Theologi
801 1424 906 1463 munus
918 1408 1093 1484 praecipuum
1105 1418 1150 1464 est
1163 1406 1318 1465 revelatam

122 1521 281 1582 proponere
291 1503 448 1559 veritatem.
478 1499 634 1573 Equidem,
644 1501 685 1558 uti
695 1501 850 1576 Apostolus
863 1513 969 1571 monet,
983 1513 1002 1539 ‘⁸
1015 1503 1193 1560 multifariam
1206 1501 1321 1558 multis·

122 1616 178 1671 quo
192 1596 286 1656 modis
300 1597 368 1654 olim
390 1596 472 1654 Deus
485 1595 607 1668 loquens
628 1595 799 1672 patribusiu
821 1597 980 1673 prophetis.
997 1599 1152 1656 novissime
1170 1598 1198 1654 in
1214 1596 1320 1654 diebus

122 1693 185 1752 istis
204 1693 314 1750 loeutus
329 1702 373 1748 est
387 1690 468 1748 nobis
483 1690 514 1747 in
527 1689 650 1749 Filio.’‘¹
690 1672 832 1748 Ceterum
848 1700 877 1749 et
889 1693 962 1749 sacri
977 1693 1136 1768 Scriptores
1159 1691 1214 1749 Dei
1230 1711 1321 1767 opera

121 1806 200 1866 sepe
214 1787 382 1865 appellant‚⁸
394 1796 493 1863 utpote
508 1787 641 1862 potentie
656 1804 776 1844 summae
791 1795 820 1844 et
839 1788 987 1864 sapientire
1008 1788 1226 1864 praeclarissima
1241 1789 1321 1845 testi·

121 1884 235 1943 monia:
258 1894 277 1921 “
288 1883 361 1942 Caeli
376 1891 507 1942 enarrant
520 1882 639 1958 gloriam
654 1882 721 1950 Dei,
736 1894 765 1940 et
778 1902 866 1959 opera
879 1883 1014 1941 manuum
1035 1885 1097 1960 ejus
1113 1884 1261 1942 annuntiat
1274 1885 1321 1940 iir-

121 1980 346 2041 mamentum.”⁴
385 1980 458 2037 Haec
483 1979 621 2036 Numinis
646 1978 753 2035 indicia
777 1999 830 2036 nec
855 1981 934 2056 ipsos
959 1980 1065 2037 latuere
1092 1981 1243 2047 Ethnieos‚
1266 1999 1321 2038 eos

121 2076 280 2154 praesertim
294 2076 343 2147 qui
359 2074 473 2150 ingenio
488 2072 643 2130 floruerunt
657 2083 687 2130 et
699 2075 798 2131 litteris
810 2094 819 2142 ς
832 2093 871 2132 ex
885 2075 985 2133 ordine
999 2077 1075 2133 enim
1093 2076 1189 2133 mnndi
1204 2078 1321 2151 sapien·

121 2173 191 2231 tiam
201 2182 229 2229 et
240 2171 397 2247 potentiam
408 2168 573 2226 Conditoris
583 2179 768 2245 agnoverunt,
779 2170 910 2242 quamvis
920 2172 1102 2247 popularibus
1112 2172 1322 2247 superstitioni·

121 2269 175 2328 bus
189 2287 221 2326 se
235 2267 326 2343 abripi
348 2267 516 2343 plerumque
530 2268 608 2342 passi
628 2268 704 2325 sint:
727 2267 827 2334 meritd
843 2268 949 2326 idcirco
963 2269 997 2326 ab
1012 2269 1151 2344 Apostolo
1166 2269 1319 2345 increpiti:

122 2375 143 2402 ‘⁸
153 2365 307 2423 Revelatur
321 2364 397 2421 enim
413 2364 453 2420 ira
467 2363 524 2420 Dei
538 2362 574 2421 de
588 2363 659 2422 caelo
673 2382 760 2440 super
773 2383 888 2422 omnem
911 2366 1083 2441 impietatem
1100 2377 1129 2423 et
1147 2366 1319 2442 injustitiam

120 2459 271 2519 hominum
282 2478 380 2518 eornm
393 2460 442 2532 qui
454 2460 600 2517 veritatem
613 2459 670 2516 Dei
683 2460 711 2516 in
727 2444 864 2535 injustitia
875 2459 1012 2543 detinent.¹
1042 2462 1117 2528 Quia
1127 2461 1203 2534 quod
1219 2472 1321 2520 uotum

122 2561 166 2610 est
178 2552 244 2618 Dei,
259 2551 443 2608 manifestum
464 2552 552 2610 estin
566 2550 634 2616 illis,
650 2550 731 2607 Deus
746 2551 824 2608 enim
839 2551 895 2608 illis
917 2553 1117 2613 manifestavit.
1159 2553 1321 2611 Invisibilia

122 2650 200 2708 euim
211 2648 303 2725 ipsius
313 2658 465 2705 acreatura
474 2647 572 2705 mundi
585 2665 636 2723 per
647 2665 680 2704 ea
692 2665 756 2719 quae
767 2647 841 2704 sacta
851 2659 918 2705 sunt
927 2649 1069 2706 intellecta
1078 2651 1320 2725 conspiciuntur:

121 2747 296 2823 sempiterna
307 2763 422 2818 quoque
436 2745 499 2820 ejus
511 2745 600 2802 virtus
612 2756 640 2802 et
654 2743 798 2811 divinitas,
810 2746 853 2801 ita
863 2756 894 2801 ut
907 2747 965 2802 sint
976 2747 1197 2804 inexcusabiles.
1243 2749 1323 2814 Quia

121 2862 186 2902 cttm
201 2843 406 2919 cognovissent
422 2841 528 2910 Deum,
543 2860 600 2899 nou
615 2841 691 2898 sicut
704 2841 799 2898 Deum
820 2841 1057 2916 glorificaverunt,
1074 2856 1120 2900 aut
1135 2843 1239 2919 gratias
1254 2862 1322 2920 ege·

121 2949 197 3006 runt,
212 2938 263 2995 sed
278 2947 453 2995 evanuerunt
467 2938 496 2994 in
511 2937 729 3012 cogitationibus
744 2937 814 3003 suis,
828 2947 856 2993 et
869 2939 1050 2994 obscuratum
1061 2951 1105 2994 est
1116 2939 1256 3015 iusipiens
1269 2959 1320 2998 cor

14 3091 24 3106 ,
122 3033 269 3092 eorum.''⁸

162 3135 192 3187 2.
215 3130 285 3186 Non
299 3138 393 3185 autem
408 3127 582 3202 argumentis
596 3128 769 3187 naturalibus
785 3128 880 3187 Deum
895 3131 1018 3188 existere
1033 3133 1197 3208 probamus,
1208 3142 1250 3199 ut,
1263 3132 1322 3192 hoc

119 3227 197 3303 jacto
218 3223 413 3289 fundamento,
430 3223 503 3281 viam
518 3223 683 3282 revelationi
698 3236 856 3292 struamus;
881 3225 932 3284 sed
947 3245 1013 3285 eum
1035 3229 1159 3285 existere
1174 3229 1321 3287 eredimus

123 3321 181 3379 tide
194 3321 301 3386 divina,
313 3319 380 3392 quia
394 3338 425 3376 se
437 3319 590 3377 revelavit:
607 3330 626 3356 ‘⁶
639 3321 821 3379 accedentem
833 3323 909 3381 enim
921 3322 956 3380 ad
970 3323 1191 3408 Deumpoportet
1203 3325 1322 3385 credere

114 3408 191 3492 'quia
204 3415 295 3474 est.”⁰
335 3416 404 3474 Jure
418 3427 511 3474 tamen
525 3417 634 3493 optimo
648 3418 744 3484 Attret,
757 3419 806 3490 qui
820 3419 882 3476 Deo
897 3420 1033 3479 revelanti
1044 3440 1102 3479 non
1115 3421 1244 3487 credunt,
1257 3423 1322 3480 aliia

124 3513 280 3573 rationibus
302 3512 477 3579 refelluntur,
493 3512 603 3570 seilicet
622 3512 699 3584 quod
721 3514 797 3573 orbis
819 3515 982 3591 spectabilis
1003 3534 1070 3573 eum
1091 3515 1279 3582 demonstret,
1295 3529 1324 3575 et

123 3609 242 3669 bomani
256 3609 369 3685 generis
383 3597 517 3666 constans
532 3619 561 3666 et
573 3608 742 3666 universalis
758 3609 869 3669 traditio
883 3621 913 3668 et
926 3622 1029 3669 sensus
1040 3624 1175 3689 agnoscat
1190 3613 1322 3681 Numen,

123 3706 192 3764 lieet
205 3707 287 3779 quale
302 3705 340 3762 sit
352 3705 446 3780 plures
461 3704 663 3780 ignoraverint.

165 3806 194 3860 ³.
216 3801 268 3859 Illa
281 3792 590 3877 quidembei'nomia
611 3801 702 3877 prima
718 3799 779 3868 luit,
795 3820 858 3874 quae
873 3820 909 3859 ex
923 3803 987 3879 ejus
1001 3803 1173 3861 revelatione
1188 3815 1233 3860 est
1247 3803 1322 3863 deri·

124 3911 199 3967 vata,
211 3899 306 3956 statim
329 3896 406 3955 enim
429 3897 539 3955 bomini
563 3895 678 3955 condito
701 3917 733 3955 se
756 3898 963 3956 manifestavit:
992 3917 1049 3971 qua
1070 3896 1179 3976 postea,
1201 3898 1322 3960 bomine

158 4078 197 4140 (1)
214 4073 325 4145 Fenplou
336 4071 367 4122 ds
378 4069 519 4121 l'existeuoe
529 4072 561 4121 de
571 4071 637 4122 Dieu
647 4072 695 4122 oi.
708 4072 734 4123 ii.
752 4071 840 4124 Glarko
851 4090 892 4144 ou⁴
900 4073 942 4124 the
953 4074 1077 4125 existence
1088 4075 1116 4126 of
1123 4075 1187 4127 God·
1213 4076 1327 4129 Peusdes

34 4128 37 4135 ⁴
126 4155 421 4301 nemusptma
437 4157 479 4207 vr.

160 4249 198 4309 (ἢ
216 4243 281 4295 Heb.
308 4241 343 4293 .i.

161 4332 200 4392 (³)
217 4327 282 4378 Vide
292 4324 421 4391 Jaequelot
431 4340 474 4376 sur
484 4322 624 4377 l’axistence
634 4326 665 4378 de
676 4324 749 4389 Dieu,
760 4326 799 4407 ch.
810 4328 826 4379 i.

65 4440 70 4445 -
162 4415 201 4478 (4)
219 4413 259 4462 Pr.
271 4411 338 4462 xviii.

162 4501 202 4562 (b)
218 4496 317 4547 Romi.
331 4497 371 4545 ts.

25 4570 28 4579 '
60 4569 70 4577 ‘⁴
88 4565 106 4575 ’“
163 4585 201 4647 (o)
218 4578 361 4633 navate
