2730 5018
113 251 174 313 aso
370 340 378 351 ·
407 247 464 312 ue
485 249 690 313 susurras
712 202 1049 335 ιιιιιιειιοιιοιιιῖῗ·Ι

113 417 243 466 “omnes
258 408 403 467 christiani
422 428 503 482 seque
519 410 614 486 magni
628 427 728 467 sumus
748 418 833 482 atque
848 409 942 467 Mater
955 409 1022 481 Dei,
1036 417 1066 466 et
1081 423 1164 480 aeque
1180 404 1314 467 sanctiss

86 503 223 579 ‚ipsa.”²
263 503 312 561 Ex
332 505 473 582 principio
494 504 530 562 de
546 505 664 581 justitie
687 503 795 562 Christi
817 505 1004 580 imputatione
1030 502 1224 569 credentibus,
1243 488 1320 561 iuuu'

112 599 318 656 consectarium
330 598 486 657 derivatum
501 612 554 666 est,
567 600 615 671 qui
630 600 707 657 enim
721 600 876 657 intrinseca
889 608 985 656 carent
1000 598 1126 674 justitia,
1141 606 1171 654 ct
1191 597 1251 654 sole
1263 599 1309 655 irn-

112 694 257 770 putatioue
278 694 434 751 alienorum
450 695 615 752 meritorum
639 694 778 752 habentur
794 694 878 772 justi,
892 693 971 751 nullo
986 692 1062 751 dono
1077 701 1208 767 accepto,
1222 691 1309 749 nullos

112 788 215 866 grsdrm
229 788 359 847 diversos
375 790 493 866 justitie
508 790 612 847 habere
626 799 758 866 possunt.

152 887 222 941 390.
245 884 341 942 Facile
366 883 518 942 adstruitur
541 885 642 942 veritas
668 883 827 950 Catholica,
850 901 916 940 nam
938 883 968 941 in
994 882 1221 941 Proverbiorum
1245 880 1311 939 libro

112 976 230 1034 dicitur:
253 979 430 1037 “lustorum
444 991 537 1037 autem
552 980 663 1046 semita,
679 978 761 1051 quasi
771 978 822 1036 lux
836 977 1002 1054 splendere,
1018 976 1150 1053 procedit
1163 986 1194 1031 et
1216 976 1312 1032 crescit

114 1092 206 1146 usque
221 1073 255 1132 sd
269 1076 424 1151 perfectam
448 1075 573 1133 diem.’'¹
612 1069 899 1140 Pulcherrimn'sane
920 1075 1015 1150 imago
1036 1084 1081 1130 est
1103 1072 1313 1149 progressusin

110 1170 229 1246 justitiae
243 1172 355 1238 semita,
372 1172 505 1229 virtutum
520 1171 667 1228 exercitio.
709 1170 867 1246 Apostolus
889 1168 991 1228 Petrus
1013 1169 1143 1227 hortatur
1160 1165 1263 1224 fideles
1283 1165 1314 1223 ad

114 1264 340 1341 proficiendnm
363 1265 521 1323 “Crescite
536 1265 636 1332 verd,”
651 1257 745 1337 inquit
759 1275 779 1301 ‘⁶
791 1265 821 1323 in
833 1266 922 1340 gratis
938 1275 967 1322 st
975 1266 1006 1322 in
1018 1263 1184 1340 cognitione
1200 1261 1314 1319 Domini
1344 1304 1348 1311 .

113 1360 204 1417 nostri
218 1371 247 1417 et
259 1360 414 1418 Salvatoris
430 1361 503 1418 Jesu
519 1359 678 1417 Christi.''⁸
718 1359 826 1417 Paulus
841 1359 944 1417 etiam:
968 1360 1147 1417 “veritatem
1162 1365 1260 1413 autem
1281 1355 1314 1413 fe·

113 1456 222 1512 cientes
237 1455 267 1511 in
282 1455 428 1522 charitate,
443 1473 606 1512 crescamus
621 1455 650 1512 in
665 1455 714 1512 illo
728 1473 781 1532 per
794 1454 901 1522 omnis,
916 1454 965 1528 qui
979 1464 1024 1512 est
1034 1464 1121 1530 caput
1135 1449 1316 1508 Christus.”⁴

115 1551 195 1627 Ergo
209 1551 306 1626 sugeri
320 1561 415 1627 potest
428 1552 526 1628 gratia,
542 1552 678 1628 cognitio,
694 1553 794 1608 etrite
814 1569 899 1623 quam
921 1551 951 1608 in
966 1549 1086 1608 Christo
1104 1548 1179 1625 justi
1202 1546 1314 1604 habent.

114 1646 146 1704 ld
162 1647 251 1717 liquet
264 1647 398 1724 exemplo
413 1647 544 1713 Abrahse,
554 1647 604 1719 qui
614 1647 721 1722 justus,
733 1647 794 1723 jam
808 1663 846 1703 ox
858 1645 914 1703 tide
926 1645 1063 1712 vivens,e
1078 1647 1172 1721 patria
1185 1659 1316 1719 egressus

112 1751 168 1808 est,
184 1741 248 1798 Deo
262 1752 293 1798 ut
306 1742 522 1817 obtemperaret,
538 1752 566 1798 et
580 1740 656 1798 aliud
677 1741 813 1798 illustrius
828 1739 893 1798 dedi
907 1739 988 1797 fideit
1007 1750 1035 1797 et
1055 1737 1231 1797 obedientie
1254 1755 1316 1813 spe·

113 1835 219 1901 cimen,
246 1835 336 1892 tilium
360 1835 568 1902 immolaturus,
589 1853 647 1907 quo
669 1834 781 1893 charior
802 1835 867 1892 Deo
892 1834 994 1902 factus,
1020 1844 1048 1891 ct
1063 1833 1179 1909 justitia
1195 1842 1316 1898 *auctus

114 1929 199 1986 amici
216 1929 304 1986 instar
317 1930 430 1987 habitus
445 1939 507 1986 est:
524 1939 544 1965 ⁸⁶
554 1939 583 1986 et
594 1929 727 2006 suppleta
736 1939 780 1985 est
790 1930 929 2004 scriptura
943 1926 1060 1987 dicens:
1084 1924 1220 1984 Credidit
1233 1925 1316 1982 Abra·

115 2023 182 2082 ham
206 2023 283 2091 Deo,
304 2036 333 2081 et
356 2034 515 2100 reputatum
536 2034 582 2081 est
603 2024 644 2080 illi
665 2022 700 2081 sd
727 2024 879 2099 justitiam,
893 2033 923 2080 et
947 2022 1057 2080 amicus
1080 2022 1137 2079 Dei
1158 2019 1316 2096 appellatus

114 2118 206 2176 est.”³
226 2118 292 2175 Rite
307 2117 504 2175 animadvertit
518 2117 636 2175 Bullus:
654 2127 673 2154 ‘⁴
684 2123 801 2175 siceum
814 2118 846 2174 in
861 2117 1024 2193 propiorem
1046 2115 1181 2173 amicitiae
1201 2113 1315 2190 gradum

114 2214 262 2290 recipit.‘’'
302 2214 411 2272 Christi
435 2215 527 2291 ipsius
542 2215 628 2273 verbs
643 2215 728 2272 refert
749 2214 887 2280 loannes,
903 2213 1041 2272 hortantis
1064 2223 1095 2269 ut
1110 2213 1211 2288 justus
1225 2229 1316 2287 perse·

115 2321 202 2376 reret,
217 2321 246 2367 et
260 2311 408 2386 proficiat:
432 2311 522 2376 “Qui
538 2313 635 2387 justus
650 2320 704 2378 est,
722 2311 897 2387 justificetur
908 2308 1047 2366 adhuo.‘’⁷
1086 2308 1121 2366 Id
1134 2319 1190 2375 est,
1202 2317 1235 2364 ut
1249 2308 1317 2364 bene

114 2403 229 2461 adnotat
243 2403 357 2462 Grabe:
380 2413 400 2440 ‘⁶
411 2417 524 2462 maneat
537 2414 566 2462 et
579 2419 689 2463 crescat
701 2406 731 2462 in
748 2405 870 2481 justitie,
887 2423 920 2462 sc
935 2404 1054 2480 proinde
1068 2404 1154 2462 etiarn
1177 2404 1209 2460 in
1223 2402 1317 2460 favore

114 2518 147 2557 ac
173 2499 297 2556 amicitia
312 2499 378 2566 Dei,
397 2499 481 2576 juxta
501 2500 555 2556 ista
576 2499 735 2558 Servatoris
751 2500 835 2557 verba
858 2500 943 2557 Joan.
965 2517 1014 2556 xv.
1033 2503 1080 2556 10.
1122 2498 1155 2555 Si
1178 2509 1319 2573 precepta

115 2588 181 2653 mea
194 2595 386 2661 servaveritis,
403 2595 552 2652 manebitis
567 2596 596 2652 in
610 2595 762 2653 dilectione
776 2612 851 2663 mea,
867 2595 941 2652 sicut
953 2604 982 2651 et
995 2612 1050 2670 ego
1064 2604 1211 2669 precepta
1224 2592 1317 2650 Patris

115 2691 173 2748 mei
188 2692 309 2755 servavi,
324 2700 353 2746 et
368 2708 469 2747 maneo
484 2690 514 2747 in
526 2691 588 2764 ejus
604 2690 804 2748 dilectione.”⁸

155 2788 223 2844 391.
245 2784 344 2841 Patres
362 2785 479 2860 justitia
495 2784 597 2860 gradus
619 2785 703 2861 plane
725 2799 900 2860 agnoscunt:
933 2783 1127 2855 “Unicuique
1154 2781 1318 2846 nostrum,”

115 2880 208 2950 inquit
230 2878 440 2954 Hieronymus,
467 2879 562 2936 “data
584 2892 627 2936 est
649 2881 738 2956 gratia
759 2879 842 2954 juxta
868 2896 1029 2934 mensuram
1058 2876 1155 2953 gratiae
1188 2875 1319 2931 Christi:

115 2991 173 3030 nou
188 2972 264 3045 quod
287 2991 420 3030 mensura
435 2972 543 3030 Christi
567 2973 680 3031 diversa
693 2974 739 3040 sit,
756 2972 806 3029 sed
829 2985 936 3030 tantum
952 2972 1048 3047 gratie
1065 2972 1127 3048 ejus
1149 2970 1319 3036 infunditur,

116 3080 253 3139 quantum
268 3068 395 3124 valemus
421 3068 580 3126 haurire.”³
619 3069 797 3144 Augustinus
813 3068 957 3124 conciuit:
981 3068 1067 3142 “ipsi
1083 3066 1149 3124 boni
1166 3067 1195 3122 in
1216 3065 1320 3122 Eccle-

116 3161 169 3227 sia,
185 3160 220 3216 de
242 3162 344 3232 quibus
357 3161 425 3217 dicit
440 3162 607 3236 Apostolus,
624 3163 732 3218 ‘Novit
747 3161 890 3218 Dominus
905 3161 954 3233 qui
968 3173 1034 3217 sunt
1046 3161 1129 3237 ejus,’
1142 3160 1321 3217 diversarum

115 3258 266 3333 gratiarum
286 3267 362 3320 sunt,
385 3274 442 3312 non
462 3275 562 3313 ornnes
575 3258 653 3332 paria
665 3257 764 3313 merita
784 3257 908 3314 habent:
930 3269 997 3314 sunt
1010 3258 1057 3314 alii
1072 3259 1133 3315 aliis
1148 3249 1319 3323 sanctiores,

115 3362 182 3407 sunt
196 3350 244 3406 alii
258 3350 321 3406 aliis
337 3350 530 3407 meliores.’'¹⁰

156 3447 225 3502 392.
248 3444 393 3517 Equidem
410 3446 544 3503 tolluntur
558 3447 692 3504 virtutum
708 3447 900 3513 incitamenta,
916 3448 941 3503 si
958 3448 1070 3524 justitia
1084 3447 1180 3523 augeri
1196 3458 1322 3519 nequeat

116 3558 165 3598 eas
179 3539 350 3598 exercendo.
382 3539 408 3597 E
424 3555 521 3599 contra
536 3560 653 3618 magnos
669 3541 716 3599 dat
729 3542 840 3598 animos
856 3541 890 3597 ad
903 3552 1021 3599 conatus
1036 3541 1208 3607 indefessos,
1220 3541 1319 3617 gratie

117 3636 191 3695 dona
205 3636 343 3712 augenda,
356 3647 384 3692 ct
398 3639 515 3711 premia
529 3636 648 3711 proinde
663 3635 739 3694 certis
754 3653 879 3710 sperare.

150 3793 188 3851 (l)
206 3791 282 3839 Serm.
296 3790 326 3838 de
337 3789 396 3840 Nat.
408 3791 438 3840 Β.
450 3792 482 3840 V.
494 3791 529 3840 M.
708 3796 748 3858 (6)
768 3792 904 3842 Harmonia
915 3791 1002 3854 Apost.
1014 3792 1071 3840 diss.
1082 3798 1137 3856 post
1145 3807 1166 3840 c.
1174 3791 1190 3840 i.
1203 3794 1217 3850 ξ
1231 3806 1255 3840 v.
1263 3794 1288 3839 2.
1320 3839 1324 3857 ,

150 3877 187 3933 (2)
207 3873 278 3922 Prov.
290 3874 321 3923 iv.
340 3875 379 3924 ts.
707 3881 744 3938 (7)
763 3877 841 3940 Apoe-
853 3875 913 3924 xxii.
931 3878 969 3923 ll.

151 3959 189 4016 (3)
207 3956 230 4006 ll
239 3957 291 4007 Pet.
304 3958 338 4007 iii.
353 3961 392 4007 18.
718 3965 756 4020 (8)
774 3959 866 4009 Adnot
878 3958 909 4007 ad
920 3974 940 4007 c.
951 3957 967 4007 i.
978 3961 992 4017 ς
1002 3960 1025 4007 5.
1037 3958 1124 4008 Herm.
1135 3958 1194 4008 diss.
1205 3965 1269 4022 post.

151 4043 188 4101 (4)
207 4042 272 4106 Eph.
284 4044 316 4091 iv.
331 4046 369 4092 15.
719 4046 756 4103 (9)
769 4043 798 4091 L.
811 4043 836 4092 ii.
848 4051 933 4094 contra
944 4042 1039 4092 Jovin.'

150 4128 188 4191 (5)
205 4126 257 4176 Jac.
269 4126 293 4175 ii.
301 4127 342 4175 23.
716 4128 770 4188 (10)
788 4125 869 4176 'I'rset
881 4128 913 4179 vi.
924 4128 950 4178 iu
958 4128 1031 4178 Joan.
1048 4126 1146 4189 llrnng.
1157 4142 1182 4177 n.
1194 4131 1217 4175 8.
