2730 5018
309 278 369 343 DE
389 278 577 342 AETERNA
600 277 730 339 vatent
745 268 1072 339 'GENERATIONR
1250 279 1291 336 et

41 442 207 535 guntero,
223 439 285 497 sire
307 439 470 516 subjeetum
491 437 645 512 quoddam,
660 447 746 510 atque
769 437 846 494 huuc
864 437 939 506 tipo
959 436 1117 494 arctissime
1138 453 1205 491 cum
1226 433 1291 492 Deo

81 536 286 613 conjunctum,
301 553 334 593 se
346 546 428 595 extra
440 550 508 592 eum
524 535 688 592 cicerniaco
703 535 751 600 ita,
766 542 797 590 ut
813 551 871 619 non
885 533 973 590 modo
987 551 1087 590 omnes
1102 550 1148 589 res
1164 549 1291 606 procrea-

83 644 141 701 ret,
152 632 206 690 sed
220 632 351 691 doctores
373 633 460 691 etia!
474 633 644 700 institueret,
657 649 732 705 quos
754 631 836 689 Deus
849 631 1015 689 hominibus
1029 631 1141 688 mittere
1153 629 1291 686 constitu·

87 729 209 787 isset.”¹

130 828 179 882 34.
203 822 270 902 ooj.
288 828 336 882 to.
354 828 441 894 θωςῆν
451 826 465 878 ὁ
476 831 561 894 noyon
604 822 675 880 Non
688 825 701 877 ὁ
712 829 774 890 orer,
789 820 841 880 sed
858 829 912 885 teor
932 821 1043 890 dicitur,
1059 825 1100 881 uti
1112 826 1150 882 ab
1165 825 1290 904 Origene

91 919 161 978 olim
183 919 431 988 animaduersum:
455 919 599 985 articulus,
611 917 733 985 scilicet,
747 937 814 975 eum
830 920 879 990 qui
901 936 966 975 vere
987 927 1032 976 est
1052 919 1144 986 Deus.
1159 920 1289 980 denotat:

90 1017 222 1079 ιίυτοθεος·
261 1015 446 1084 “Quomodo
464 1018 534 1086 torm
547 1015 656 1072 dicatur
678 1020 730 1075 θεὸς
751 1014 897 1073 aloanne
918 1033 976 1072 non
1000 1014 1142 1084 delinitum
1160 1018 1290 1077 tribuitur

98 1122 198 1172 tantum
211 1115 247 1180 τῷ
258 1115 322 1184 λόγῳ
336 1131 449 1170 summa
464 1114 506 1169 vis
521 1131 554 1169 ao
568 1109 737 1188 dignitas.”⁸
1272 1118 1276 1123 '

40 1272 42 1281 ¹
133 1212 178 1266 35.
200 1206 291 1285 Resp.
315 1207 410 1265 Obvia
425 1207 495 1267 ratio
508 1226 560 1289 eur
574 1206 708 1263 articulus
727 1205 855 1263 omissus
870 1206 917 1273 sit,
932 1215 976 1262 est
990 1205 1065 1279 quod
1079 1215 1132 1269 σεος
1147 1208 1289 1284 praedicati

101 1305 192 1367 lrabeat
210 1305 361 1361 rationem.
402 1303 545 1379 Origenes
559 1290 677 1375 qu‘tdem
698 1303 810 1360 censuit
823 1319 888 1359 eum
904 1302 1044 1359 omissum
1059 1313 1090 1359 ut
1104 1322 1289 1379 personarum

99 1401 252 1457 innueretur
265 1398 421 1464 distinctio,
436 1398 503 1456 Filii
522 1399 646 1464 aPatre,
664 1396 786 1469 indeque
801 1396 892 1454 refelli
907 1406 1073 1473 “negantes
1088 1400 1288 1475 proprietatem

102 1497 159 1557 l'ilii
170 1514 235 1553 esse
250 1496 335 1554 aliam
350 1517 366 1553 a
379 1497 473 1554 Patris
496 1498 687 1572 proprietate:
711 1495 881 1552 confitentes
896 1494 992 1552 Deum
1007 1513 1071 1552 esse
1087 1515 1151 1554 cum
1168 1498 1286 1555 nornine

101 1605 196 1653 tantum
209 1594 259 1664 qui
275 1592 350 1668 apud
366 1593 446 1669 ipsos
461 1592 552 1650 Filius
574 1591 748 1668 appellatum
770 1591 815 1647 vel
828 1600 964 1667 negantes
980 1591 1045 1648 Filii
1060 1591 1245 1660 divinitatem,
1261 1603 1289 1650 et

98 1702 226 1768 ponentes
243 1691 335 1766 ipsius
357 1692 560 1766 proprietatem
575 1700 603 1746 et
616 1690 769 1747 essentiam
792 1708 842 1765 per
856 1689 1148 1764 circumscriptionem
1164 1692 1288 1748 existere

94 1789 172 1845 aliam
186 1808 202 1843 a
217 1787 335 1845 Patre.”
375 1788 515 1854 Quamvis
530 1796 624 1844 autem
638 1786 756 1844 deorum
771 1804 876 1843 nomeu
897 1786 953 1843 lato
968 1786 1091 1858 quodam
1111 1805 1197 1844 sensu
1212 1807 1289 1845 crea·

93 1886 157 1943 turis
172 1887 415 1960 praestantissimis
430 1885 490 1942 dari
505 1884 589 1953 dicat,
606 1884 713 1943 Filium
727 1883 846 1940 omnino
866 1883 950 1939 abiis
965 1881 1111 1959 distingui,
1131 1902 1286 1957 eorumque

91 1982 249 2049 habendum
278 2000 342 2039 esse
373 1981 467 2039 Deum
492 1981 621 2046 affirmat,
648 1988 746 2055 utpote
770 1979 819 2050 qui
841 1978 871 2034 in
896 1995 928 2034 se
951 1979 1064 2035 attrahit
1086 1977 1285 2037 divinitatem:

91 2081 408 2148 annumeraretur»,
424 2077 517 2144 ἑαυτου,
533 2087 561 2134 et
574 2086 619 2134 est
633 2075 738 2152 “apud
752 2075 848 2132 Deum
862 2074 892 2131 iu
906 2075 1047 2150 principio
1068 2075 1205 2143 existens,
1220 2077 1288 2149 quia

85 2173 126 2229 sit
138 2171 213 2248 apud
229 2172 323 2230 Deum
333 2190 449 2248 semper
463 2191 582 2229 maneus
597 2172 689 2238 Deus,
700 2171 919 2244 haudquaquam
933 2169 962 2227 id
978 2170 1133 2238 habiturus,
1145 2173 1199 2228 nisi
1211 2173 1287 2249 apud

89 2267 181 2329 Deum
196 2278 283 2334 esset,
298 2279 327 2324 et
341 2267 560 2339 haudquaquam
575 2267 655 2325 Deus
678 2284 840 2332 mansurus,
856 2265 912 2322 nisi
926 2264 1065 2341 perpetui
1081 2267 1287 2342 permansisset

86 2362 119 2419 in
131 2361 370 2437 contemplatione
386 2373 507 2438 paternae
523 2362 722 2439 profunditatis
734 2365 757 2420 :⁴
774 2370 797 2421 tr
812 2370 838 2420 tv
849 2366 912 2436 ὀρχη
929 2371 957 2438 ἦν
974 2383 1010 2435 eq>
1021 2371 1082 2420 trous
1099 2385 1156 2436 προς
1174 2384 1216 2422 rov
1233 2376 1285 2422 θεον

83 2458 125 2510 sisa
141 2479 216 2525 μενων
233 2465 296 2519 ἕως,
315 2462 345 2511 rior
362 2457 391 2510 tir
408 2455 492 2511 o’omo
507 2461 624 2527 ἐσχηκως,
642 2462 669 2511 ὄι-
681 2481 716 2529 μη
733 2477 850 2531 argorum
867 2469 920 2514 θεον
936 2466 974 2532 ἦν,
992 2483 1035 2516 και
1051 2467 1081 2516 rix
1099 2462 1128 2516 tiu
1146 2470 1287 2530 nemorosos

82 2548 108 2596 ἕ·
117 2567 152 2614 tet
163 2563 277 2613 wem
290 2561 325 2617 ‘tt
335 2547 485 2612 &memte
495 2551 542 2606 δια
552 2562 581 2600 w
593 2563 699 2615 mnae
711 2554 795 2610 daur·
824 2549 924 2623 Igitur,
933 2568 971 2607 ex
985 2550 1119 2627 Origenis
1134 2551 1284 2617 sententia,

86 2637 167 2694 Deus
187 2636 273 2695 Pater
284 2644 299 2694 t
310 2646 362 2702 θεος
376 2638 543 2713 appellatur,
566 2639 657 2696 Filius
666 2658 732 2708 eros,
748 2644 841 2701 careri
862 2644 967 2720 Angeli
982 2645 1027 2701 vel
1040 2646 1131 2702 sancti
1145 2648 1219 2711 eros,⁵
1232 2643 1285 2701 sed

87 2731 178 2788 Filius
197 2750 314 2807 semper
332 2733 436 2799 extitit,
451 2734 530 2791 omni
550 2753 650 2792 carena
665 2736 757 2804 initio,
773 2739 903 2810 quamvis
924 2738 1021 2796 divina
1039 2749 1140 2796 natura
1154 2740 1191 2795 sit
1213 2739 1285 2796 illia

87 2827 169 2885 Patre
188 2828 409 2885 communicata.
451 2828 538 2894 Quod
559 2830 680 2889 affirmat
700 2833 901 2891 Rosenmtiller
918 2834 1062 2891 Joanuem
1077 2832 1152 2890 haud
1165 2832 1284 2891 definire

84 2922 229 2994 quomodo
252 2925 322 2995 λόγος
343 2923 450 2980 dicatur
469 2933 531 2992 θεὸς,
546 2925 683 2984 refellitur
705 2930 864 3005 perspicuis
886 2929 1056 2987 testimoniis
1078 2929 1283 3005 Evangelistoe,

81 3019 135 3090 qui
146 3036 240 3076 rerum
256 3019 386 3077 omnium
399 3030 555 3079 creatarum
577 3023 716 3099 originem
732 3026 759 3081 ei
773 3026 878 3083 tribuit.
920 3025 1065 3097 Equidem
1080 3026 1145 3097 quis
1160 3025 1283 3101 cogitare

84 3116 189 3191 poterit
201 3116 343 3174 loannem
359 3117 487 3175 Verbum
502 3117 595 3176 Deum
611 3118 706 3178 dicere
718 3141 789 3198 uago
802 3121 928 3195 quodam
942 3141 1040 3190 sensu,
1054 3141 1120 3180 cum
1133 3122 1284 3182 manifesto

80 3211 187 3268 erroris
200 3211 439 3286 perniciosissimi
454 3213 581 3288 periculo
594 3214 606 3270 l

122 3309 173 3364 ild.
199 3305 266 3385 ooj.
285 3311 331 3364 ll.
354 3307 567 3366 Tertullianus:
589 3319 610 3346 ‘⁸
622 3310 662 3368 Ut
677 3312 800 3386 primum
814 3313 895 3370 Deus
911 3313 1002 3370 voluit
1018 3331 1051 3370 ea
1066 3333 1128 3387 quae
1144 3333 1209 3372 cum
1230 3315 1284 3373 So·

82 3402 160 3478 phire
176 3405 283 3461 ratione
297 3416 466 3463 etsermone
478 3405 667 3481 disposuerat,
678 3409 750 3466 intra
763 3429 805 3478 se,
818 3411 847 3468 in
862 3411 1031 3468 substantias
1046 3423 1074 3468 et
1088 3412 1202 3487 species
1217 3430 1283 3470 suas

78 3500 181 3568 edere,
195 3501 292 3577 ipsum
307 3503 431 3577 primum
446 3503 564 3578 protulit
576 3523 750 3574 sermonem,
765 3507 916 3566 habentem
932 3509 961 3566 in
976 3527 1008 3566 se
1023 3508 1184 3566 individuas
1205 3527 1282 3577 snas,

82 3595 240 3653 Rationem
255 3607 283 3654 et
293 3596 447 3672 Sophiam,
462 3607 494 3654 ut
507 3617 558 3674 per
571 3600 666 3674 ipsum
680 3601 782 3660 fierent
794 3604 935 3670 universa,
952 3622 1100 3679 perquem
1115 3613 1194 3661 erant
1207 3606 1284 3681 cogi·

79 3703 139 3749 tuta
162 3702 247 3764 atque
269 3692 418 3768 disposita,
441 3694 530 3752 immo
552 3705 582 3752 et
601 3696 673 3755 lacta
693 3699 765 3775 jam,
784 3700 972 3772 quantumin
994 3699 1050 3757 Dei
1069 3699 1204 3757 sensn.”⁸
1244 3701 1285 3759 Et

78 3788 169 3845 alibi:
186 3797 206 3824 ‘¹
218 3787 292 3854 Quia
304 3798 333 3846 et
354 3789 439 3846 Pater
453 3789 534 3848 Deus
548 3800 602 3858 est,
612 3802 645 3851 et
661 3794 753 3870 judex
768 3795 849 3854 Deus
864 3806 917 3864 est,
933 3815 991 3854 non
1006 3805 1100 3854 umen
1116 3796 1181 3854 ideo
1195 3805 1223 3855 et
1237 3816 1284 3874 pa-

74 3891 124 3943 tar
137 3893 168 3941 et
190 3883 279 3960 judex
299 3902 423 3961 semper,
433 3885 505 3958 quia
517 3886 599 3947 Deus
612 3908 737 3968 serupar.
779 3892 809 3951 N
812 3911 857 3950 aru
870 3909 925 3950 nec
945 3902 1024 3968 pater
1036 3892 1129 3969 potuit
1141 3910 1206 3950 esse
1220 3902 1284 3951 ante

116 4060 158 4118 (l)
176 4058 349 4108 Rosenmiiller
360 4059 386 4109 in
396 4075 419 4109 e.
433 4063 454 4108 t.
466 4059 538 4113 ton,

116 4142 164 4206 (2)
189 4139 303 4190 Ialoan.
315 4151 374 4191 tear.
385 4142 417 4191 ll.
428 4159 453 4192 n.
465 4147 489 4193 2.

120 4227 160 4284 (3)
180 4224 384 4276 Rosenmiillerin
393 4226 469 4277 Jona.
479 4245 501 4278 e.
512 4229 528 4278 i.
538 4231 593 4288 t,2.

115 4309 160 4372 (ιι
180 4308 217 4357 ln.
228 4309 300 4360 loon
310 4318 368 4360 tout.
380 4311 412 4361 ll.
424 4329 449 4362 n.
459 4317 485 4363 2

115 4394 164 4458 (ὅ)
184 4392 237 4442 lbid
248 4409 273 4442 n·
285 4396 310 4452 3,
327 4409 351 4458 p.
362 4396 463 4455 enema
477 4396 538 4448 wa.

115 4478 163 4548 (ὅ)
183 4477 381 4532 1⁴»anan
390 4497 414 4533 o·
426 4482 457 4533 ri.
