2730 5018
116 281 173 341 ass
222 218 228 228 ¹
448 275 507 367 ue
525 274 626 337 amu
645 268 976 357 suus-messui.

113 437 223 505 W
244 448 322 495 nune
335 441 431 493 men
443 433 575 511 apparuit
588 431 752 493 hominihus
765 431 862 507 ipsum
876 430 1017 500 Verbum,
1032 431 1084 504 qui
1100 429 1186 491 solur
1198 439 1327 504 uterque

113 541 167 601 ost,
178 531 260 590 Deus
274 541 304 589 et
318 531 420 599 homo,
433 531 564 591 omniun
578 530 662 589 nobis
683 539 782 587 sueton
802 526 977 587 bonorum.”
1019 527 1052 588 ld
1077 526 1326 605 probassemus

112 626 246 704 Apostoli
260 625 296 685 ad
310 625 411 695 Timro
423 624 599 692 testimonio.
614 623 649 683 de
663 623 873 699 expectatione,
887 641 976 697 quam
989 623 1088 682 forent
1099 623 1219 690 fideles,
1239 620 1325 698 glori·

110 723 158 785 0Ιί
172 721 312 785 adremon
324 721 403 780 illius
416 728 605 792 remouere
616 725 782 788 summor
793 719 860 788 ἡμων
870 725 1030 793 ΙησιΧριςοι
1055 719 1187 795 “magni
1213 717 1275 775 Del
1294 724 1344 787 d·

115 817 273 877 Salvatoris
284 817 375 875 nostri
389 815 459 875 Jesu
475 812 618 875 Christi.”
659 813 711 872 lile
725 813 774 886 qui
788 814 817 871 iu
833 813 974 890 principio
988 812 1064 890 apud
1076 814 1173 873 Deum
1189 810 1322 873 Vertat
1348 856 1353 865 -

112 924 182 983 erat,
196 933 215 973 s
227 931 286 986 qrro
299 912 398 971 omnia
413 919 508 970 ereata
519 921 597 978 suut,
611 910 742 987 apparuit
754 919 897 983 tamquam
913 911 1058 987 magister,
1076 921 1107 969 ut
1120 909 1259 969 semitam
1272 906 1321 969 do·

112 1019 190 1069 oorot
203 1007 240 1067 sd
252 1007 366 1067 eoeleste
380 1024 511 1085 regnem,
536 1006 613 1080 quod
627 1007 690 1083 ipse
704 1005 858 1079 aliquando
873 1007 963 1065 servis
977 1007 1039 1065 suis
1053 1007 1083 1064 iu
1097 1006 1254 1084 praemium
1275 1015 1323 1069 010

112 1105 282 1183 largiturus:
301 1105 316 1158 ὁ
326 1112 413 1174 nom,
429 1105 493 1174 ὑμῖν
504 1120 562 1172 apos
572 1119 616 1158 rao
626 1111 694 1162 oron
710 1105 857 1165 Διδοσκαιις
867 1107 983 1173 enam}
997 1105 1018 1155 5
1028 1119 1064 1158 eo
1072 1118 1156 1157 nmo
1165 1104 1321 1170 ntupum·
1342 1104 1348 1117 '

111 1214 163 1259 s'ot·
196 1208 283 1270 nmo„
299 1200 367 1253 teas
378 1215 409 1253 ro
419 1193 466 1266 ζῇν
481 1199 507 1251 lv
522 1195 587 1266 dm
602 1213 669 1265 pseu
685 1212 730 1251 sou
744 1212 840 1253 mour
855 1200 1035 1267 κομψῶς
1050 1200 1188 1266 insumas,
1200 1191 1321 1263 τοέυζῃ

111 1285 227 1348 mames.
246 1298 361 1353 ’ΨΜ
370 1305 402 1345 05
418 1285 560 1345 tommo
569 1283 609 1338 iro
619 1300 650 1338 rto
660 1284 698 1339 ur's
708 1281 753 1354 ζην
763 1287 846 1353 ὖςερον
855 1287 888 1347 ὥς
904 1292 955 1346 θιος
963 1305 1103 1355 gemmati.
1144 1293 1163 1341 ‘l
1175 1280 1321 1351 Verbum,

114 1380 193 1455 quod
206 1389 267 1440 orat
279 1377 356 1456 apud
369 1378 478 1446 Deum,
490 1388 520 1437 et
533 1398 550 1437 a
562 1397 621 1453 quo
634 1379 706 1439 iaota
720 1391 787 1439 sunt
799 1382 907 1450 omnia,
922 1390 1066 1454 tamquam
1080 1379 1253 1457 Praeceptor
1269 1397 1321 1457 ap·

111 1479 224 1556 paruit:
244 1487 273 1535 st
287 1477 337 1550 qui
351 1475 605 1553 tamquam-opifex
621 1477 719 1537 mundi
730 1479 819 1565 rium
828 1477 912 1539 uobis
926 1478 956 1535 in
968 1478 1061 1553 prima
1073 1479 1219 1537 creatione
1228 1475 1320 1569 dedit.

111 1588 253 1648 apparens
267 1570 309 1626 uti
322 1578 489 1646 preceptor,
511 1569 584 1627 bene
599 1569 714 1628 vivendi
733 1571 870 1629 rationem
885 1588 939 1628 nos
953 1569 1061 1638 docuit,
1082 1581 1113 1629 ut
1128 1579 1235 1648 postea
1247 1581 1320 1627 tam·

115 1685 203 1741 quam
215 1664 308 1732 Deus,
322 1673 457 1723 aeternam
472 1663 558 1722 vitam
572 1664 736 1743 largiatur.”

153 1765 221 1818 154.
241 1758 395 1819 Judaioum
406 1759 558 1836 populum,
580 1761 729 1821 Christum
743 1762 952 1840 persequendo,
974 1763 1127 1824 Deumrw
1138 1769 1193 1816 θεον
1220 1779 1320 1839 perse·

112 1867 210 1917 cultim
224 1875 289 1915 08⁸0
301 1855 385 1933 plane
399 1855 485 1914 dicit:
507 1867 551 1915 dors
559 1863 627 1916 'esdra
635 1876 677 1914 sos
695 1868 756 1914 Osos·
765 1877 807 1914 roo
819 1866 907 1929 Kupsov
917 1864 1042 1931 rffpvnauso·
1050 1859 1204 1916 mommsen
1215 1876 1245 1915 ro
1256 1881 1321 1921 erm
1353 1934 1356 1939 Ι

109 1960 206 2022 Ισραηιι·
221 1951 314 2013 lorefice
323 1968 366 2006 sou
374 1958 435 2005 Oros·
443 1948 596 2022 »αξιιᾶριζειν
604 1948 746 2018 vitassem
757 1955 843 2016 Λογον-
854 1968 897 2002 και
907 1950 933 2000 ὸν
944 1951 1072 2015 ε’ςαυρωσεν
1083 1969 1113 2008 ως
1124 1967 1255 2018 mappae,
1266 1969 1321 2001 uss·

109 2042 223 2107 ςεψενῶς
238 2041 357 2093 swerd
379 2046 469 2096 “non
489 2038 570 2094 novit
589 2034 702 2093 Deum:
732 2033 889 2091 Dominum
916 2034 1047 2108 negavit:
1079 2035 1175 2091 amisit
1200 2032 1319 2092 Israelis

106 2137 191 2213 jura:
214 2143 380 2212 persecutus
395 2142 440 2190 est
452 2130 560 2190 Deum
600 2129 703 2207 Logon
721 2129 846 2206 speravit
860 2128 973 2187 afficere
988 2131 1170 2199 contumelia,
1185 2138 1215 2189 et
1229 2118 1318 2203 quem

109 2242 255 2303 tamquam
273 2228 434 2287 maleficum
450 2222 760 2298 crucifixit'tamquam
775 2243 871 2302 regem
887 2224 1065 2283 coronavit.''

125 2388 130 2395 ¹
151 2329 219 2382 tau.
239 2324 476 2383 'lassumuuus
486 2321 622 2399 preclara
633 2320 739 2399 praebet
753 2320 789 2377 de
804 2320 922 2379 Christo
938 2320 1001 2379 Deo
1016 2322 1200 2379 testimonia:
1224 2331 1245 2359 “
1257 2320 1318 2402 De·

108 2420 237 2481 ussolus
251 2419 353 2477 dooere
367 2418 460 2495 potuit
473 2427 505 2476 ut
524 2436 555 2474 se
571 2417 656 2475 vellet
676 2416 795 2474 orari.’'³
834 2414 980 2494 inprobat
1001 2415 1182 2476 Christianos
1204 2431 1316 2497 speeta·

109 2515 173 2573 eula
185 2513 339 2572 adeuntes:
362 2512 455 2578 Quale
469 2523 514 2570 est
534 2553 542 2570 .
566 2553 574 2568 .
598 2553 606 2568 .
630 2553 637 2569 .
660 2529 697 2569 ex
711 2530 759 2569 ore
772 2530 840 2585 quo,
852 2512 958 2580 Amen,
968 2512 997 2569 in
1009 2512 1146 2570 Sanctum
1158 2514 1315 2590 protuleris

107 2610 257 2687 gladiatori
270 2608 465 2667 testimonium
481 2607 598 2666 reddere
609 2607 620 2662 l
660 2613 702 2671 Εις
712 2607 796 2670 iram
807 2605 851 2661 ἄπ’
863 2606 944 2669 dovor
956 2607 1003 2665 alii
1017 2609 1137 2667 oninino
1147 2610 1244 2668 dicere
1257 2612 1314 2670 nisi

107 2707 173 2766 Deo
187 2718 216 2765 et
229 2707 346 2765 Christo
357 2705 404 2762 Ψ*
444 2705 558 2765 Divinae
574 2704 715 2782 patientiae
730 2704 864 2781 exempla
884 2704 1015 2762 addueit:
1039 2706 1161 2765 “Nasoi
1183 2727 1216 2766 se
1231 2708 1315 2766 Deus

107 2804 139 2862 in
153 2813 234 2862 utero
247 2803 352 2880 patitur
366 2803 473 2871 matris,
490 2815 518 2860 et
531 2811 672 2878 expectat,
687 2810 717 2858 et
729 2810 811 2858 natus
832 2800 994 2860 adolescere
1009 2804 1141 2872 sustinet,
1156 2817 1185 2862 et
1199 2805 1313 2863 adultus

105 2921 166 2961 non
181 2902 266 2978 gestit
280 2901 396 2978 agnosci
399 2941 532 2968 .....
554 2898 712 2975 despuitur,
729 2899 897 2966 verberatur,
914 2899 1064 2968 deridetur,
1080 2900 1163 2959 soedis
1179 2905 1314 2980 pestitun

106 2997 272 3055 lmdioribus
287 3005 446 3055 coronatur.
488 2996 564 3054 Mira
578 2995 796 3067 aequanimitatis
812 2994 894 3052 fides.
935 2995 992 3062 Qui
1011 2996 1041 3053 in
1066 2997 1194 3056 hominis
1218 2999 1313 3076 tigura

106 3100 296 3168 proposuerat
308 3090 405 3160 latere,
422 3090 495 3148 nihil
509 3089 544 3146 de
561 3091 736 3166 impatientia
747 3089 873 3148 hominis
888 3092 1013 3148 imitatus
1028 3104 1082 3150 est.
1105 3134 1112 3150 .
1134 3135 1141 3151 .
1163 3135 1176 3159 ,
1199 3135 1208 3174 .
1227 3096 1315 3153 Talia

104 3197 240 3259 tantaque
261 3186 454 3244 documenta.
477 3227 485 3243 .
509 3227 517 3243 .
540 3227 547 3242 .
564 3187 683 3262 probant
705 3181 750 3244 his
765 3187 870 3258 quibus
892 3188 1006 3246 eredere
1021 3188 1117 3247 datum
1133 3202 1186 3258 est,
1202 3192 1313 3268 patien-

105 3285 175 3342 tiam
190 3283 246 3341 Dei
267 3302 331 3340 esse
345 3295 486 3351 naturam,
501 3283 648 3350 effectum,
672 3295 701 3340 et
712 3285 904 3361 praestantiam
927 3287 1060 3364 ingenitae
1083 3288 1230 3366 cujusdam
1247 3309 1314 3367 pro·

76 3431 84 3439 .
107 3376 284 3455 prietatis.”⁵

150 3477 217 3532 150.
249 3474 391 3533 Inenmus
418 3474 447 3533 iu
473 3474 508 3532 iis
537 3474 677 3532 haereticis
702 3473 863 3533 refellendis
892 3476 1047 3552 plurimum
1071 3477 1231 3549 insudabat,
1261 3483 1313 3554 qui

108 3570 257 3631 Christum
272 3573 404 3631 dicebant
425 3572 533 3632 Filium
548 3573 722 3631 sublimioris
747 3573 804 3631 Dei
826 3574 910 3632 Patre
925 3586 954 3632 et
967 3575 1112 3633 conditore
1134 3578 1210 3635 orbis
1226 3589 1313 3637 terra·

106 3688 182 3726 rum.
204 3669 253 3727 Ex
267 3669 358 3745 ipsius
373 3667 483 3727 Christi
497 3669 672 3736 testimonio,
688 3670 801 3728 Patrem
816 3689 881 3728 esse
896 3671 990 3748 ipsum
1006 3683 1161 3731 creatorem
1176 3676 1310 3734 omnium

103 3764 241 3822 ostendit.
283 3767 434 3842 “Propter
448 3767 503 3824 hoo
525 3768 756 3827 manifestissime
772 3768 914 3827 Dominus
930 3771 1054 3829 ostendit
1074 3790 1116 3838 se,
1140 3783 1169 3830 et
1191 3774 1310 3833 Patrem

105 3859 224 3936 quidem
239 3864 299 3919 suis
314 3862 474 3941 discipulis,
500 3885 536 3924 ne
550 3867 660 3924 'scilicet
674 3878 833 3940 quererent
855 3869 974 3926 alterurn
997 3869 1103 3937 Deum,
1117 3879 1219 3946 praeter
1240 3890 1309 3930 eum

108 3958 159 4032 qui
171 3959 352 4035 plasmaverit
363 3961 519 4029 hominem.
532 3974 560 4021 et
573 3963 774 4043 afflatumjvitae
785 3963 931 4023 donaverit
944 3968 981 4024 ei:
995 3985 1088 4041 neque
1102 3969 1133 4026 in
1146 3977 1253 4027 tautam
1267 3962 1313 4028 inss

145 4137 182 4198 (1)
201 4131 344 4184 Cohortaiio
355 4135 386 4184 sd
397 4135 545 4187 Gentosnub
555 4137 662 4199 initium,
673 4155 696 4202 p.
710 4141 749 4198 12,
760 4137 797 4187 od.
810 4137 964 4202 wirceburg.

144 4225 183 4284 (2)
202 4219 328 4282 l'aedagog.
346 4221 362 4269 l.
371 4220 395 4269 ii.
404 4236 425 4270 e.
437 4221 486 4270 viii.
497 4237 521 4286 p.
533 4224 592 4283 446,
602 4223 639 4272 od.
653 4223 802 4285 Wiroeburg.
836 4223 899 4273 Vide
910 4235 934 4274 et
945 4227 960 4275 1.
972 4226 1006 4276 iii.
1016 4244 1037 4277 c.
1051 4231 1072 4288 l,
1083 4244 1107 4293 p.
1119 4231 1176 4292 522,
1188 4238 1213 4281 et
1224 4232 1240 4282 l.
1254 4235 1277 4294 l,
1288 4249 1313 4283 o.

109 4306 134 4355 ii.
147 4301 172 4370 [ιζ
182 4306 240 4363 200,
251 4311 275 4354 ot
283 4321 305 4354 e.
316 4304 349 4354 iii.
358 4320 382 4369 p.
394 4305 454 4365 206,
464 4314 488 4354 et
499 4322 521 4355 o.
529 4323 551 4355 r.
560 4322 585 4370 p.
597 4310 657 4368 228,
667 4315 692 4357 et
702 4323 724 4358 c.
734 4308 773 4357 vii.
782 4325 806 4373 p.
818 4309 875 4370 272,
887 4317 911 4358 et
922 4326 941 4360 c.
954 4310 1002 4360 viii.
1014 4329 1038 4376 p.
1050 4317 1107 4363 280.

144 4390 181 4452 (3)
200 4389 238 4439 Do
247 4390 369 4452 Oratione,
380 4408 402 4442 o.
413 4391 447 4441 ix.

107 4476 123 4546 ἱ
146 4476 188 4541 (4)
202 4474 231 4525 L.
242 4476 273 4525 de
284 4475 364 4541 Spect.
376 4493 397 4526 e.
405 4493 463 4527 xxv.

146 4562 189 4627 (5)
208 4559 239 4610 L.
250 4559 280 4610 do
291 4562 414 4627 patientia,
421 4579 442 4612 o.
453 4561 488 4611 iii.
