2744 5024
385 286 447 354 ltu·
463 289 719 353 ATTRIBU'I'IS
741 290 992 353 monstruos.
1038 331 1040 335 -
1243 293 1281 350 21

79 448 151 504 lurae
166 456 278 516 auctor,
293 447 509 526 legumquibus
530 450 636 526 regitur
654 450 729 515 fons,
745 451 899 523 omniaque
920 468 973 509 suo
986 449 1145 526 diriguntur
1159 448 1282 505 arbitrio.

79 536 113 598 In
128 559 164 599 eo
182 542 277 600 elucet
306 563 419 602 summa
432 546 494 621 ejus
515 545 665 621 sapientia,
681 544 758 617 quod
779 545 890 621 legibus
912 547 970 603 illis
991 555 1078 604 totam
1098 563 1192 603 rerum
1207 561 1284 602 com·

80 653 185 712 pagam
208 637 248 694 ita
268 638 453 715 colligaverit,
468 649 501 696 ut
519 640 603 697 firma
622 641 769 698 consistat.
811 639 891 697 Idem
912 640 1066 698 dicendum
1086 638 1122 697 de
1143 657 1220 697 nexu
1234 639 1285 710 qui

81 730 111 788 iu
122 732 245 802 mundo,
259 744 290 791 ut
303 735 344 790 ita
357 734 461 803 dicam,
477 735 589 801 morali,
604 735 677 792 inter
690 754 790 793 causas
806 745 835 792 et
848 734 967 793 effectus
982 736 1143 802 exhibetur,
1156 736 1284 792 libertate

82 845 231 886 causarum
252 841 384 888 servata:
414 831 545 903 quamvis
573 831 651 888 enim
676 832 774 889 omnia
801 832 969 907 plerumque
991 841 1094 907 sponte
1119 831 1206 889 veluti
1232 808 1285 889 sui

82 923 182 992 fluant,
198 926 243 983 rel
260 944 297 984 ex
312 927 376 984 aliis
391 928 489 984 causis
506 927 630 1003 pendere
645 927 802 997 videantur,
818 948 876 987 non
894 928 962 987 ideo
973 930 1054 987 abest
1073 927 1165 995 Deus,
1181 946 1284 987 monuo

80 1020 205 1095 consilio
225 1022 304 1098 ipsas
325 1023 481 1099 impiorum
502 1024 625 1085 rebelles
644 1024 804 1082 voluntates
826 1043 885 1082 suae
906 1023 1033 1082 subdens
1053 1023 1225 1082 ordinationi
1238 1041 1285 1081 su·

79 1135 201 1193 premae.
295 1167 297 1170 ,
1084 1128 1087 1133 “

121 1219 173 1273 bl.
194 1215 357 1283 QuumDei
367 1217 649 1294 providentiaomnia
658 1219 871 1296 complectatur,
881 1219 955 1278 nihil
964 1219 1028 1295 ipso
1037 1218 1127 1276 inrito
1136 1216 1284 1294 contingit,
1334 1280 1337 1287 ¹

81 1311 192 1370 nullum
208 1312 270 1388 ejus
285 1312 438 1371 consilium
453 1315 482 1371 in
503 1315 614 1373 irritum
628 1315 766 1373 mittitur:
790 1326 912 1374 attamen
927 1333 985 1373 non
999 1315 1093 1373 omnis
1108 1315 1172 1391 ejus
1186 1311 1285 1370 volun·

80 1418 123 1466 tas
145 1409 276 1466 absoluta
296 1418 349 1477 est,
371 1409 422 1467 sed
445 1428 522 1487 saepe
543 1430 581 1469 ex
601 1411 765 1471 conditione
786 1412 908 1486 quadam
929 1411 1044 1489 pendet.
1087 1409 1233 1483 Quidquid
1253 1409 1301 1466 fit,

81 1517 179 1567 contra
201 1503 315 1564 morum
335 1507 472 1584 regulam,
488 1509 629 1566 sanctitati
650 1509 753 1567 divinas
777 1529 865 1582 quum
888 1519 1036 1586 repugnet,
1051 1508 1166 1566 decreto
1186 1507 1285 1564 divino

80 1604 214 1662 absoluto
228 1622 286 1661 non
310 1603 418 1671 nititur,
434 1606 564 1676 quamvis
579 1605 641 1663 fieri
662 1624 720 1664 non
735 1608 885 1682 potuisset,
901 1607 958 1665 nisi
972 1605 1146 1664 decrevisset
1160 1604 1241 1661 Deus
1255 1601 1286 1660 id

79 1718 112 1757 se
128 1701 349 1779 permissurum.
390 1697 671 1759 Praedestinationis
693 1703 808 1760 nomine
830 1701 906 1778 apud
926 1701 1099 1761 recentiores
1123 1699 1285 1758 absolutum

79 1796 139 1854 Dei
153 1796 300 1855 decretum
316 1796 490 1872 intelligitur,
503 1796 581 1870 quod
594 1797 629 1855 de
646 1799 721 1856 malo
736 1799 879 1875 patrando
893 1798 973 1856 nesae
987 1809 1031 1854 est
1045 1797 1179 1872 cogitare,
1196 1811 1286 1866 quum

80 1893 153 1951 illud
167 1895 309 1953 sanctitati
324 1892 427 1951 divinae
449 1886 599 1972 repugnet,
615 1903 644 1950 et
656 1894 777 1951 libertati
798 1913 855 1967 qua
868 1895 949 1953 Dens
970 1893 1118 1950 hominem
1134 1888 1285 1966 praeditum

81 2009 148 2068 esse
163 1990 273 2051 voluit,
306 1991 460 2068 Perperam
475 1992 561 2068 igitur
581 1991 726 2048 Lutherus
740 1989 872 2049 deservo
894 1988 1019 2048 arbitrio
1034 1988 1179 2045 disserens
1193 1980 1283 2044 dixit:

82 2088 169 2147 “Est
191 2088 286 2160 itaque
301 2099 330 2146 et
349 2088 405 2147 hoe
427 2073 570 2164 imprimis
590 2088 783 2146 necessarium
807 2096 836 2144 et
855 2087 977 2145 salutare
997 2084 1164 2143 Christiano
1187 2102 1284 2153 nosse,

80 2183 162 2257 quod
183 2183 263 2241 Deus
278 2184 351 2242 nihil
371 2185 485 2260 praescit
499 2184 705 2260 contingenter,
721 2182 773 2240 sed
795 2183 870 2257 quod
891 2183 990 2242 omnia
1009 2181 1236 2240 incommutabili
1256 2189 1285 2239 et

80 2290 189 2338 eterna
202 2280 399 2355 infallibilique
413 2281 557 2340 voluntate
577 2290 605 2338 et
619 2280 758 2356 providet,
774 2290 802 2337 et
822 2280 966 2356 proponit,
982 2289 1011 2337 et
1030 2279 1106 2337 facit.
1149 2278 1216 2336 Hoc
1230 2277 1283 2336 sul·

79 2377 162 2434 mine
177 2378 311 2435 sternitur
323 2388 353 2435 et
365 2379 520 2436 conteritur
533 2377 647 2453 penitus
666 2377 788 2434 liberum
803 2374 995 2434 arbitrium.”²
1035 2375 1107 2433 Item
1124 2375 1282 2432 Calvinus:

81 2481 101 2509 “
113 2472 146 2530 N
148 2491 186 2530 on
200 2474 358 2531 enimcum
376 2473 482 2531 Stoicis
503 2474 701 2530 necessitatem
724 2473 970 2530 comminiscimur
984 2490 1022 2529 ex
1035 2480 1173 2546 perpetuo
1187 2488 1285 2527 causa-

79 2588 148 2627 rum
162 2587 237 2627 nexu
252 2579 281 2626 et
294 2569 434 2646 implicita
448 2567 568 2642 quadam
581 2569 665 2632 serie,
676 2588 741 2641 quae
755 2569 783 2625 in
800 2578 898 2626 natura
911 2567 1106 2625 contineatur:
1121 2565 1173 2622 sed
1188 2564 1284 2622 Deum

80 2666 283 2724 constituimus
298 2667 432 2725 arbitrum
449 2685 482 2723 ac
502 2665 710 2725 moderatorem
733 2665 873 2731 omnium,
888 2664 938 2736 qui
953 2682 1005 2739 pro
1019 2681 1072 2720 sua
1084 2662 1233 2738 sapientia,
1248 2660 1284 2718 ab

79 2762 185 2819 ultima
206 2763 359 2820 eternitate
380 2760 505 2819 decrerit
519 2760 595 2834 quod
609 2761 734 2817 tacturus
749 2768 835 2827 esset,
851 2767 880 2815 et
893 2761 968 2815 nunc
983 2775 1035 2813 sua
1055 2756 1191 2831 potentia,
1207 2753 1284 2826 quod
1328 2776 1360 2829 -χ

79 2857 218 2926 decrevit,
233 2857 432 2930 exequitur.”¹
469 2857 609 2915 Invidiam
625 2856 710 2932 hujus
725 2853 866 2930 dogmatis
881 2851 915 2909 de
931 2842 1178 2926 praedestiuatione
1193 2858 1224 2905 ut
1237 2847 1284 2905 de·
1343 2913 1360 2930 ι

32 3024 39 3033 ἱ
81 2952 193 3010 clinent
204 2953 427 3029 Presbyteriani,
442 2970 594 3010 causarum
615 2948 805 3007 secundarum
825 2951 965 3005 rationem
985 2945 1093 3011 haberi,
1110 2944 1174 3001 Deo
1189 2943 1285 3001 decer-

80 3059 180 3115 nente,
195 3050 344 3104 statuuutz⁸
358 3045 434 3119 quod
449 3046 475 3104 si
495 3047 583 3122 probe
604 3045 785 3120 intelligatur,
800 3063 867 3102 cum
882 3042 1096 3100 catholicorum
1119 3039 1284 3117 Theologo·

81 3161 148 3201 rum
170 3142 239 3200 eD.
258 3142 381 3201 Thomae
402 3141 511 3200 Schola
529 3141 668 3199 sententia
690 3139 881 3208 concordabit;
896 3139 927 3196 hi
948 3132 1060 3196 scilicet
1077 3136 1173 3194 omnia
1188 3156 1205 3193 a
1219 3136 1283 3195 Deo

81 3237 327 3316 praedeterminari
341 3237 449 3305 dicunt,
463 3236 513 3294 sed
529 3237 567 3293 ita
580 3245 621 3303 ut,
634 3254 685 3312 pro
700 3254 792 3293 causae
808 3233 940 3293 secundas
955 3242 1063 3300 natura,
1079 3242 1198 3288 eventus
1212 3231 1284 3290 liber

80 3334 122 3392 sit
136 3334 181 3392 vel
201 3334 391 3393 necessarius.
433 3332 479 3390 De
499 3331 745 3409 predestinatione
760 3330 796 3388 ad
816 3330 935 3408 gloriam
949 3329 994 3386 vel
1009 3327 1044 3384 ad
1066 3327 1208 3384 interitum
1232 3327 1284 3384 im-

81 3430 298 3506 presentiarum
314 3428 455 3506 agendum
464 3447 522 3486 non
534 3425 688 3484 duximus:
704 3425 733 3483 id
746 3436 840 3484 tamen
852 3423 1108 3483 animadvertemus
1123 3420 1282 3481 absolutum

81 3525 143 3583 Dei
163 3524 307 3584 decretum
322 3526 360 3583 de
379 3523 529 3584 hominum
550 3524 665 3582 interitu
687 3532 792 3580 aeterno
806 3521 866 3579 dari
886 3539 945 3578 non
963 3537 1060 3595 posse,
1076 3539 1164 3593 quum
1187 3538 1284 3580 neces·

81 3622 159 3680 sarid
174 3623 279 3680 nitatur
292 3624 374 3681 malis
388 3641 488 3681 eorum
502 3622 632 3679 meritis:
655 3629 794 3697 repugnat
807 3620 883 3677 enim
901 3617 1021 3694 justitiae
1043 3617 1147 3676 divina
1162 3629 1190 3676 et
1203 3620 1284 3677 boni-

79 3718 134 3776 tati
145 3718 290 3778 decretum
302 3719 473 3788 absolutum,
485 3718 564 3777 nulla
573 3717 608 3775 de
620 3736 715 3785 causa,
727 3715 762 3773 de
773 3725 964 3774 creaturarum
975 3714 1125 3791 suppliciis
1137 3734 1145 3784 ;
1161 3713 1284 3793 predes-

80 3814 186 3873 tinatio
200 3816 286 3892 igitur
299 3817 356 3875 hoo
369 3834 457 3875 seusu
477 3815 567 3894 impia
581 3822 667 3872 estet
681 3812 859 3888 blasphema,
872 3830 888 3866 a
903 3808 1077 3868 Christianis
1092 3790 1211 3887 auribus⁸
1220 3829 1284 3888 pro·

82 3912 135 3969 cul
148 3913 315 3992 ableganda.
351 3914 367 3973 s
449 3909 450 3912 ’
1026 3898 1031 3904 ’

121 4127 163 4192 (Ι)
184 4127 249 4190 Opp.
261 4125 299 4176 ed.
309 4127 350 4176 lat
360 4127 416 4176 an.
427 4132 444 4176 t.
456 4124 490 4176 iii.
501 4129 598 4191 piro.

121 4210 165 4277 (2)
185 4211 246 4260 lust.
257 4212 274 4260 1.
288 4214 310 4260 1.
322 4227 344 4260 c.
358 4213 396 4260 16.
407 4227 435 4260 n.
445 4215 469 4260 8.
568 4233 572 4239 =

126 4293 169 4360 (3)
189 4300 204 4324 “
212 4293 342 4355 Although
361 4293 388 4343 in
399 4293 501 4344 relation
511 4300 539 4343 to
548 4292 591 4343 tlse
607 4290 800 4353 ioreknowledge
812 4289 861 4340 and
871 4290 956 4356 decree
967 4289 996 4339 of
1010 4289 1074 4349 God,
1085 4287 1127 4349 the
1137 4287 1191 4337 first
1206 4302 1286 4349 cause,

83 4379 118 4429 sll
129 4379 214 4441 things
224 4395 293 4428 come
304 4387 330 4428 to
340 4395 397 4444 pass
407 4379 551 4443 immutebly
563 4379 613 4428 and
623 4378 757 4442 inlellibly;
773 4384 815 4442 yet
826 4379 857 4442 by
870 4377 911 4426 the
922 4393 990 4426 same
1000 4372 1198 4440 providendr5he
1208 4376 1285 4425 order-²

83 4461 128 4512 etb
138 4463 205 4512 tbem
222 4470 249 4512 to
259 4463 300 4512 tall
312 4471 356 4514 out
366 4464 496 4526 according
513 4471 538 4513 to
549 4462 591 4513 the
608 4469 695 4512 nature
706 4462 735 4511 of
747 4462 836 4512 second
847 4478 940 4532 causes,
951 4461 1028 4511 either
1038 4460 1193 4569 nscemssily,
1203 4459 1277 4522 freely

84 4561 115 4599 or
124 4547 318 4616 mamgsnuyss’
353 4547 502 4601 Oonlmiou
512 4548 541 4600 of
547 4547 616 4610 saith,
626 4547 665 4600 ob.
677 4565 700 4598 v.
713 4551 738 4608 ς.
748 4547 781 4597 11.
