2744 5024
14 332 58 409 fi

139 278 198 349 sos
626 258 851 346 messori.

179 448 228 502 50.
251 443 343 502 Prava
354 439 507 509 desideria,
519 440 624 514 quibus
637 441 708 499 ratio
727 457 786 499 non
794 439 951 508 consentit,
974 437 1005 498 ds
1027 455 1091 512 quse
1113 436 1204 497 homo
1228 433 1336 496 11111131

138 539 252 615 patitur,
263 547 331 596 sunt
343 536 485 613 prohibita
495 546 649 613 precepto,
662 553 724 594 non
738 534 933 613 cosectspisccr⁸

178 639 227 694 51.
247 634 500 712 Concupiscentia,
514 634 576 691 sire
590 635 638 693 lex
657 634 860 701 membrorum,
874 633 904 691 111
919 652 1005 710 prava
1017 633 1081 710 ejus
1102 631 1258 702 desideria,
1272 643 1336 706 que

137 731 219 789 insiti
233 730 359 788 sentiunt
371 730 513 796 homiues,
528 739 595 787 sunt
609 748 676 787 sera
688 729 760 807 legis
774 728 976 800 inobedientia.

176 832 226 885 ⁶⁸2.
247 826 344 886 Omne
370 827 465 885 scelus
489 836 534 884 est
557 826 620 903 ejus
641 825 824 894 conditionis,
848 837 879 882 ut
895 844 980 884 suum
1001 837 1158 893 auctorem,
1180 825 1210 883 111
1232 838 1335 884 omnes

135 931 265 1000 posteros
279 941 316 981 eo
329 921 416 982 modo
429 920 544 980 inticere
559 922 661 998 possit,
675 938 733 994 quo
747 920 846 979 iniecit
858 921 951 997 prime
960 916 1162 997 transgressio.

179 1023 228 1078 53.
250 1019 394 1088 Quantum
420 1028 464 1077 est
476 1036 514 1076 ex
528 1018 557 1076 vi
576 1018 819 1094 transgressionis,
841 1027 949 1075 tantum
969 1016 1134 1076 meritorum
1156 1015 1296 1075 diriorum
1318 1032 1338 1073 s

136 1127 289 1194 generante
303 1115 481 1184 contrahunt,
496 1115 627 1188 quicum
640 1113 798 1173 minoribus
811 1123 966 1172 nascuntur
986 1114 1072 1182 vitiis,
1086 1131 1174 1187 quam
1195 1114 1247 1187 qui
1265 1130 1336 1170 cum

135 1215 301 1290 majoribus.
845 1283 848 1286 ⁴

173 1313 222 1366 st.
244 1309 399 1366 Definitisa
408 1308 469 1366 hec
480 1306 630 1374 sentamia,
642 1305 738 1364 Deum
749 1305 861 1363 homiui
872 1304 945 1364 nihil
956 1305 1135 1383 impossibile
1145 1305 1335 1383 praecepisse,

121 1404 205 1471 ,falso
219 1405 349 1463 tribuitur
364 1405 536 1481 Augustino,
550 1422 616 1462 cum
632 1403 741 1480 Pelagii
755 1402 802 1460 sit.
883 1454 887 1458 .

173 1505 222 1558 55.
244 1500 325 1559 Deus
339 1519 397 1559 non
411 1501 551 1576 potuisset
572 1499 607 1557 ab
633 1499 714 1558 initio
729 1497 814 1556 telem
836 1515 930 1556 creare
955 1498 1114 1566 hominem,
1140 1497 1236 1571 qualis
1257 1493 1336 1556 nuric

108 1650 112 1659 .
132 1598 266 1656 nascitur.

171 1696 222 1752 tto.
244 1691 277 1751 In
293 1704 410 1771 peccato
424 1692 481 1751 duo
502 1701 579 1760 sunt,
600 1702 679 1750 actus
701 1692 731 1750 ds
752 1699 866 1760 reatus;
888 1700 1053 1750 transeunte
1075 1705 1172 1750 autem
1192 1699 1271 1760 actu,
1292 1691 1336 1750 nil

132 1800 228 1848 manet
242 1790 298 1848 nisi
311 1801 415 1857 reatus,
428 1790 489 1847 sive
500 1789 635 1865 obligatio
650 1786 685 1846 ad
699 1807 824 1864 poenam.

172 1889 221 1943 57.
244 1884 329 1943 Unde
343 1886 373 1943 in
388 1885 571 1942 Sacramento
583 1884 735 1959 Baptismi,
750 1893 798 1941 aut
818 1882 981 1941 Sacerdotis
1002 1882 1192 1950 absolutionc,
1216 1883 1335 1960 proprie

120 1989 225 2059 ⁴reatus
237 1981 345 2058 peccati
360 1981 506 2039 dumtaxat
520 1980 635 2048 tollitur,
651 1979 679 2036 ds
692 1980 879 2038 ministerium
895 1977 1080 2036 Sacerdotum
1093 1978 1187 2036 solum
1200 1979 1305 2037 liberat
1318 1999 1336 2037 a

130 2087 219 2135 reatu.
800 2129 803 2133 .
1230 2123 1232 2126 .

171 2177 220 2230 58.
243 2172 380 2232 Peccator
390 2175 532 2250 penitens
546 2191 605 2230 non
621 2172 776 2230 vivificatur
790 2172 948 2230 ministerio
959 2170 1122 2230 Sacerdotis
1137 2170 1334 2240 absolventis3

130 2265 213 2323 seda
227 2266 291 2324 Deo
305 2267 377 2333 solo,
399 2269 449 2340 qui
469 2268 665 2343 penitentiam
685 2266 886 2343 suggerens&
901 2267 1042 2343 inspirans
1064 2265 1189 2325 viviticat
1210 2285 1279 2327 eum
1301 2267 1331 2326 ds

106 2418 111 2425 ,
129 2362 296 2427 resuscitat;
318 2363 477 2418 ministerio
491 2373 585 2419 autem
601 2361 763 2420 Sacerdotis
778 2363 871 2421 solum
886 2371 980 2421 reatus
995 2363 1109 2420 tollitur.

169 2458 217 2512 59.
239 2456 360 2522 Quando
370 2475 421 2534 per
431 2457 642 2533 eleemosynas,
654 2457 765 2530 aliaque
778 2459 949 2534 poenitentia
960 2478 1048 2536 opera
1059 2461 1122 2517 Deo
1133 2459 1330 2520 satisfacimus

128 2569 181 2627 pro
209 2552 302 2627 poenis
323 2552 535 2628 temporalibus,
558 2571 615 2609 non
636 2551 754 2629 dignum
775 2553 897 2628 pretium
919 2554 983 2611 Deo
1006 2556 1198 2630 propeccatis
1221 2557 1329 2613 nostris

127 2648 285 2716 offerimus,
300 2650 373 2705 sicut
388 2648 501 2720 quidam
518 2659 641 2705 errantes
657 2657 811 2716 autumant,
828 2647 905 2726 (nam
920 2650 1047 2721 alioquin
1063 2668 1206 2716 essemus,
1223 2652 1328 2708 saltem

128 2743 223 2815 aliqua
238 2762 274 2799 ex
297 2755 384 2818 parte,
400 2743 608 2818 redemptores)
631 2743 681 2799 sed
702 2744 808 2814 aliquid
831 2743 961 2810 iacimus,
988 2745 1069 2820 cujus
1092 2745 1195 2801 intuitu
1219 2745 1329 2803 Christi

128 2830 281 2896 satisfactio
296 2840 378 2895 nobis
394 2840 559 2914 applicatur,
571 2840 599 2896 dr
615 2840 849 2897 communicatur.

167 2940 214 2993 50.
238 2937 294 2993 Ρ31
308 2938 456 3011 passiones
473 2937 642 2994 Sanctorum
658 2937 686 2992 in
702 2935 885 3010 indulgentiis
901 2939 1125 2994 communicatas
1141 2957 1199 2995 non
1213 2939 1328 3015 proprie

126 3031 302 3088 redimuntur
316 3042 411 3089 nostra
426 3031 544 3099 delicta;
567 3031 617 3088 sed
639 3051 689 3106 per
710 3033 941 3089 communionem
957 3034 1099 3090 charitatis
1125 3035 1210 3091 nobis
1228 3053 1326 3093 eorum

126 3130 275 3203 passiones
301 3128 507 3203 impartiuntur,
529 3138 560 3184 31
580 3127 658 3203 digni
680 3129 770 3185 simus
797 3130 845 3200 qui
872 3130 963 3204 pretio
989 3131 1137 3206 sanguinis
1162 3130 1286 3200 Christi,
1312 3152 1328 3188 a

125 3225 217 3299 poenis
234 3243 284 3298 pro
300 3226 423 3298 peccatis
438 3225 550 3290 debitis,
566 3226 728 3280 liberemur.

164 3323 212 3374 61.
236 3318 366 3372 Celebris
389 3318 436 3372 illa
463 3317 618 3396 Doctorum
640 3317 796 3386 distinctio,
819 3320 923 3379 divinae
945 3322 1016 3399 legis
1040 3322 1172 3380 mandata
1194 3325 1326 3382 bilariam

124 3413 246 3488 impleri,
260 3412 346 3469 altero
362 3411 447 3469 modo
460 3423 594 3485 quantum
608 3414 642 3470 ad
655 3426 861 3491 praeceptorum
874 3437 992 3493 operum
1005 3420 1191 3476 substantiam
1206 3430 1325 3488 tantum,

123 3509 210 3566 altero
225 3519 360 3582 quantum
382 3508 417 3564 ad
440 3519 545 3564 certum
569 3511 720 3580 quemdam
743 3510 879 3578 modum3
896 3511 1036 3580 videlicet,
1058 3514 1217 3572 secundum
1239 3533 1325 3588 quem

123 3606 233 3662 valeant
260 3613 424 3679 operantem
447 3603 600 3679 perducere
621 3604 656 3661 ad
677 3625 794 3682 regnum
817 3616 956 3664 aeternum
979 3607 1046 3686 (hoc
1072 3620 1125 3676 est,
1148 3609 1183 3666 ad
1207 3610 1324 3669 modurn

123 3700 313 3775 meritorium)
326 3700 518 3756 commentitia
532 3710 577 3756 est
591 3701 822 3776 &explodenda

162 3799 209 3852 62.
232 3794 284 3851 1113
299 3812 412 3866 quoqne
427 3794 581 3865 distinctio,
596 3813 651 3866 qua
666 3816 738 3871 opus
754 3797 856 3854 dicitur
866 3798 993 3856 bilariam
1006 3800 1125 3865 bonum,
1142 3801 1188 3857 vel
1204 3801 1273 3873 quia
1287 3821 1323 3860 ex

121 3892 243 3967 objecto,
258 3890 287 3947 ds
299 3890 430 3948 omnibus
446 3892 665 3948 circumstantiis
688 3903 794 3949 rectum
811 3905 856 3949 est
875 3896 904 3950 da
932 3895 1049 3960 bonum,
1066 3895 1155 3971 (quod
1178 3899 1324 3955 moraliter

121 3988 227 4044 bonurn
242 3986 383 4061 appellare
398 3987 618 4062 consueverunt)
635 3987 679 4044 vel
701 3988 768 4059 quia
788 3999 831 4045 est
853 3990 1027 4048 meritorium
1051 3991 1130 4066 regni
1152 3993 1263 4060 aeterni,
1286 4011 1321 4050 eo

122 4080 198 4155 quod
214 4081 246 4137 fit
260 4100 276 4137 a
290 4081 355 4137 vivo
371 4079 481 4137 Christi
496 4083 624 4139 membro
639 4102 689 4159 per
703 4084 834 4159 spiritum
849 4084 1001 4152 charitatis,
1017 4086 1171 4161 rejicienda
1184 4098 1242 4145 est.

164 4180 213 4233 68.
236 4174 294 4231 Sed
309 4176 338 4231 ds
359 4175 406 4232 illa
428 4176 571 4233 distinctio
588 4173 708 4253 duplicis
720 4180 848 4255 justitiae,
864 4180 977 4237 alterius
993 4199 1055 4253 qnae
1078 4182 1110 4238 iit
1124 4200 1175 4256 per
1188 4184 1321 4258 spiritum

121 4273 263 4331 eharitatis
286 4273 500 4339 inhabitantem,
523 4275 636 4332 alterius
661 4294 723 4348 quae
738 4277 770 4334 fit
790 4296 827 4333 ex
848 4277 1033 4354 inspiratione
1055 4278 1171 4351 quidem
1194 4280 1320 4356 Spiritus

121 4369 228 4434 Sancti,
244 4388 296 4426 cor
310 4368 343 4425 ad
359 4369 552 4444 poenitentiam
568 4370 728 4437 excitantis,
744 4370 796 4427 sed
810 4372 937 4429 nondum
959 4391 1008 4429 cor
1028 4373 1224 4440 inhabitantis,
1240 4374 1270 4431 ds
1290 4375 1317 4431 in

120 4481 155 4520 co
170 4462 334 4522 charitatem
350 4463 546 4533 diffundentis,
559 4484 614 4536 qua
628 4465 731 4523 divina
747 4466 819 4543 legis
829 4467 996 4543 justificatio
1010 4468 1172 4545 impleatur,
1187 4469 1317 4528 similiter

119 4557 254 4632 rejicitur.
