2744 5024
374 109 435 186 btr
456 109 694 186 tensionao
719 118 908 188 Joannis.
1185 118 1237 187 rot

10 294 14 303 ·
96 266 153 337 lli.
174 274 252 339 Dum
265 276 303 337 de
322 278 445 339 lectione
459 300 528 339 rem
540 281 632 358 agitur
645 281 736 341 critici
755 292 967 343 consueverunt
979 289 1102 342 marna
1114 283 1241 342 subsidia

53 363 186 443 hiburo,
200 385 230 445 et
241 373 407 433 intrinseco
419 385 548 452 spectare
562 377 678 436 indicia.
720 378 845 436 Codices
855 378 1039 455 manuscripti
1054 388 1158 446 textus,
1171 398 1242 456 prae·

58 469 143 537 tanim
156 469 336 538 vetustiurea,
352 471 498 528 versiones
510 472 643 543 antique,
658 482 687 529 et
697 473 845 531 citationes
859 492 922 546 quae
937 475 966 530 in
981 456 1091 550 patrum
1106 473 1240 549 operibus

52 568 203 632 wormat,
218 564 264 622 rel
278 565 309 625 iu
323 563 443 623 decretis
458 565 636 642 pontificum,
651 579 681 624 et
693 568 890 636 conciliorum,
902 568 1137 627 extrinsecarum
1150 567 1242 625 subal·

53 656 102 728 tta,
114 678 176 734 que
191 661 298 719 utiliter
312 661 443 720 adhiberi
462 673 584 738 possunt
603 663 638 720 ad
660 665 814 738 genuinam
835 665 1058 742 dignoscendam
1077 665 1240 723 lectionem.

50 751 199 814 inbinseca
212 755 318 813 indicia
331 774 369 814 ex
382 757 518 815 orationis
533 759 607 815 serie
622 758 828 828 desumuntur;
850 761 970 819 eaenim
984 761 1152 836 plerumque
1165 769 1241 817 ante·-

10 934 13 943 Ι
47 850 157 913 neoda
170 863 215 911 est
227 852 326 920 lectio,
342 869 399 926 qua
409 855 503 913 oratio
516 855 573 912 sibi
586 855 625 912 sit
639 866 786 914 constans.

10 946 13 1021 Ξ
85 954 151 1008 119.
173 949 328 1008 Refereme
349 949 430 1026 Hug,
452 950 609 1008 versiculus
631 950 666 1008 de
687 970 745 1024 quo
764 961 808 1010 est
828 953 972 1024 quaestio,
990 953 1020 1009 in
1054 951 1117 1009 solo
1144 949 1242 1008 codice

46 1045 149 1106 'Graeco
183 1045 402 1113 Moutlortiano,
443 1065 496 1104 seu
531 1047 712 1114 Dublincusi,
746 1049 776 1106 in
810 1049 931 1125 collegio
949 1043 1057 1106 usare
1093 1047 1242 1105 Trinitatis

46 1136 162 1199 Dublini
176 1153 299 1209 servato,
314 1143 479 1217 reperitur.1
518 1142 565 1200 Ad
578 1143 707 1202 seculum
722 1153 814 1202 antem
830 1144 1086 1223 quintodecimum,
1102 1143 1148 1201 uel
1161 1161 1243 1216 quan
1354 1190 1356 1195 .

45 1237 228 1306 todecimum,
240 1236 334 1296 codex
348 1238 395 1296 ille
409 1237 539 1297 refertur.
582 1239 685 1298 Codex
706 1241 837 1318 cyprius,
853 1243 980 1314 quicum
994 1243 1130 1307 continet,
1145 1258 1161 1297 a
1175 1240 1244 1299 Per·

42 1350 113 1393 rone
125 1345 311 1398 memoratur.
353 1333 577 1409 complutenses
594 1336 750 1394 Bibliorum
772 1337 896 1395 editores
910 1356 975 1395 euru
991 1338 1020 1396 in
1034 1337 1132 1396 codice
1147 1336 1244 1408 aliquo

34 1429 185 1506 marusa
198 1429 299 1501 liquet,
313 1446 380 1487 nam
394 1428 542 1486 in'Bibliis
558 1431 592 1487 ab
606 1431 677 1505 ipsis
692 1430 777 1489 editis
792 1433 939 1507 reperitur.

87 1529 153 1583 lbo-
178 1524 213 1583 In
228 1525 363 1583 Concilio
376 1525 572 1592 Lateranensi,
585 1543 659 1583 anno
674 1531 749 1584 1215
762 1527 870 1593 habito,
881 1528 928 1584 cui
940 1526 1055 1584 aderant
1067 1526 1171 1592 Greci,
1182 1543 1243 1582 ver·

19 1619 152 1679 »siculus
166 1620 214 1678 ille
237 1621 346 1688 citatur,
361 1621 449 1678 veluti
463 1639 501 1678 ex
516 1623 654 1679 canonica
668 1622 788 1679 Joannis
811 1622 949 1696 epistola:
962 1621 1048 1694 ,quod
1070 1631 1164 1678 autem
1179 1629 1245 1695 post

32 1715 132 1775 atton
141 1716 316 1775 versiculum
327 1716 363 1774 de
374 1717 493 1792 Spiritu,
503 1736 585 1788 aqua,
598 1728 626 1774 et
635 1718 774 1792 sanguine
786 1717 926 1792 adjicitur,
942 1725 962 1752 “
972 1718 1046 1772 sicut
1056 1714 1087 1772 in
1097 1713 1244 1772 codicibus

29 1810 217 1883 quibusdam
238 1811 413 1878 inveniturss'
425 1811 461 1869 ad
475 1812 574 1869 ultima
588 1812 674 1868 verba
691 1821 710 1846 ‘⁸
721 1822 749 1868 et
769 1812 800 1869 hi
821 1823 877 1868 tres
892 1829 980 1868 unum
1002 1807 1100 1876 sunt,''
1116 1807 1244 1874 refertur,

21 1904 149 1965 dunat
170 1907 304 1965 enimin
329 1908 448 1964 vetustis
473 1907 639 1965 codicibus:
671 1905 723 1963 sed
745 1907 822 1983 prior
846 1924 946 1964 versus
968 1907 1079 1982 integer
1101 1915 1245 1978 tamqnam

30 1994 168 2063 loannis
181 2000 300 2061 indubie
313 2003 425 2062 citatur.
1105 2070 1107 2077 .

92 2102 155 2156 lol.
176 2097 322 2171 Equidem
344 2097 419 2175 apud
442 2098 561 2156 Graecos
576 2097 748 2155 versiculum
763 2098 842 2155 illum
859 2096 907 2154 diu
928 2109 1010 2155 autea
1024 2097 1193 2162 obtinuisse,
1207 2114 1246 2154 ex

37 2208 88 2251 eo
104 2192 206 2257 inferre
226 2192 304 2260 licet,
326 2191 402 2265 quod
425 2190 502 2268 apud
522 2192 611 2267 ipsos,
627 2192 781 2249 schismate
798 2192 858 2268 jam
881 2212 897 2249 a
918 2193 1000 2250 nobis
1023 2209 1074 2267 per
1089 2201 1129 2248 tot
1142 2191 1248 2248 secula

45 2286 187 2358 divulsos,
201 2289 337 2356 obtineat,
350 2289 437 2346 etiam
451 2288 482 2346 in
493 2287 642 2364 Liturgiar
664 2289 857 2346 inverosimile
868 2290 975 2366 quippe
986 2299 1031 2347 est
1044 2306 1094 2346 eos
1106 2307 1122 2344 a
1135 2287 1247 2344 Latinis

51 2401 115 2445 eum
122 2395 266 2445 mutuatos
277 2404 343 2443 ease
355 2395 425 2461 post
435 2384 572 2451 schisma,
585 2384 630 2442 vel
644 2393 811 2452 retenturos,
828 2385 883 2441 nisi
897 2385 1039 2461 perplura
1050 2394 1131 2440 antea
1142 2382 1249 2440 saecula

52 2475 143 2556 locum
156 2482 305 2545 habuisset
317 2481 348 2539 in
362 2481 462 2539 codice
476 2499 567 2547 sacro,
580 2491 608 2537 et
623 2479 746 2537 indubie
760 2480 872 2555 agnitus
887 2479 989 2538 suisset
1003 2477 1187 2534 auctoritatis.

96 2582 158 2637 1111.
181 2576 426 2655 Retrogradiendo
440 2577 475 2634 ad
489 2586 620 2635 octavum
642 2576 825 2651 pervenimus
845 2574 993 2640 saeculum,
1008 2590 1066 2644 quo
1087 2580 1162 2628 certe
1176 2570 1248 2629 exti-

63 2676 90 2733 tit
109 2674 262 2753 Prologus
282 2674 323 2733 od
345 2673 527 2752 Scripturas,
564 2673 614 2745 qui
636 2690 740 2729 nomen
762 2670 936 2745 Hieronymi
958 2667 1113 2745 praesefert,
1142 2667 1249 2739 quique

62 2770 123 2830 inter
135 2769 316 2850 praelationes
332 2767 576 2848 Hieronymianas
597 2768 646 2826 illo
661 2768 766 2826 sarculo
778 2778 807 2825 et
820 2767 951 2840 sequenti
973 2764 1131 2822 recensitus
1145 2763 1251 2840 reperis

62 2876 106 2927 ltu.
143 2871 253 2927 Auctor
266 2868 354 2936 illiue,
371 2868 503 2941 quisquis
517 2866 611 2933 fuerit,
626 2865 756 2923 infideles
771 2865 951 2923 translatores
967 2860 1059 2939 arguit
1070 2860 1149 2934 quod
1161 2860 1250 2918 versib

12 3008 21 3027 .
59 2965 145 3029 culum
158 2964 196 3025 tle
211 2966 307 3033 Patre,
322 2965 429 3033 Verbo,
444 2973 474 3021 et
490 2962 603 3046 ¹Spiritu
625 2963 732 3020 Sancto
753 2953 884 3020 consulti)
906 2958 1080 3018 omiserint.5¹
1120 2957 1250 3017 Hornius

56 3058 151 3121 istem
163 3081 181 3119 a
194 3059 301 3119 saeculo
315 3059 555 3136 saltemseptimo
569 3058 643 3134 apud
658 3058 778 3117 Latinos
792 3058 965 3117 versiculum
978 3057 1055 3115 hunc
1069 3054 1251 3113 obtinuisse.⁸

91 3162 158 3217 1113.
181 3158 314 3239 Septimo
327 3156 424 3236 floruit
444 3156 549 3214 seculo
564 3156 596 3213 S.
612 3149 772 3224 Maximus,
792 3157 888 3215 Abbas
904 3149 1249 3231 Constantinopolitauus,
1269 3169 1273 3176 ·

54 3236 100 3330 qui
114 3274 189 3315 auno
209 3259 267 3314 662
288 3263 396 3331 martyr
415 3253 495 3311 obiit.
537 3254 645 3311 Auctor
666 3263 798 3310 censetur
820 3253 925 3328 dialogi
948 3263 1045 3310 contra
1059 3252 1158 3309 Arium
1181 3249 1251 3308 olim

51 3354 208 3413 Athanasio
222 3352 329 3420 tributi,
343 3353 374 3410 in
387 3370 446 3424 quo
459 3350 577 3408 refertur
590 3367 668 3415 eum,
682 3348 784 3405 itinere
795 3349 824 3404 in
833 3346 958 3404 Africam
973 3348 1111 3412 instituto,
1121 3347 1198 3403 hunc
1209 3363 1252 3403 ree

51 3450 152 3510 tulisse
172 3448 356 3515 versiculum,
373 3465 459 3520 quem
473 3447 503 3504 in
518 3444 664 3504 codicibus
678 3441 819 3500 Africanis
834 3449 995 3516 repererat:
1018 3448 1037 3475 ⁶·
1051 3455 1146 3495 nonne
1159 3439 1189 3493 in
1210 3447 1253 3493 ter

51 3546 216 3605 beatissima
235 3542 449 3603 nomenclatura
466 3540 599 3612 fidelibus
620 3537 701 3595 datur
724 3532 928 3616 (baptismur)l
949 3532 1020 3591 adde
1042 3531 1087 3588 hia
1107 3528 1252 3596 omnibus,
1278 3610 1281 3615 Ι

51 3638 129 3714 quod
143 3641 182 3699 ait
194 3641 213 3699 J
215 3657 323 3697 oannes
336 3657 344 3695 r
357 3643 394 3695 et
408 3634 440 3695 1ιί
454 3642 513 3694 tres
527 3653 623 3693 unum
637 3627 727 3691 aunt’‘
749 3638 793 3685 toa
804 3637 829 3684 tv
840 3630 872 3699 rr}
883 3625 1046 3697 rprpcxapr'p
1065 3624 1180 3695 ὀνομασίᾳ
1190 3624 1254 3680 bito·

49 3756 94 3792 aue
105 3737 261 3803 τοῖςπιςοῐςς
274 3739 332 3804 πρὸς
342 3737 368 3789 δε
381 3735 478 3794 τόποις
488 3730 561 3788 πᾶσιν
578 3729 679 3799 lucianus
692 3728 789 3796 φάσκει,
800 3727 843 3780 arui
855 3725 877 3777 oi
887 3725 953 3792 τρέις
960 3729 991 3777 τὸ
1003 3727 1028 3777 i'v
1039 3720 1105 3776 ἐισίν·
1321 3722 1325 3735 ²

95 3829 163 3883 164.
185 3824 400 3889 Cassronoaus,
425 3819 562 3897 dignitate
582 3816 751 3895 praetoriana
770 3810 900 3878 illustria,
923 3809 1059 3885 deinceps
1083 3805 1253 3873 monachus,

50 3918 151 3979 modio
163 3921 265 3994 quinto
274 3918 381 3977 seculo
395 3926 488 3985 natus,
503 3913 689 3973 adsecutum
704 3910 762 3970 fere
776 3910 863 3966 vitam
877 3905 1024 3984 protraxit.
1055 3903 1109 3963 Ille
1121 3919 1254 3979 magnam

190 4149 233 4214 (l)
252 4146 406 4207 Einlsituug,
419 4145 429 4191 1
445 4143 480 4193 th.
491 4143 516 4192 h.
525 4143 557 4192 iv.
570 4143 635 4201 §25,
646 4156 670 4205 p.
684 4138 749 4188 167:

190 4237 230 4299 (2)
250 4231 318 4281 Inter
328 4245 402 4294 opera
412 4228 439 4277 S.
450 4226 604 4290 Hieronymi,
615 4232 633 4274 t.
644 4239 669 4272 x.
680 4240 704 4287 p.
719 4224 792 4282 1057,
805 4221 833 4270 in
843 4227 903 4270 nota
912 4234 936 4280 c,
952 4215 1009 4268 edit.
1021 4215 1124 4266 Vellera.

195 4317 238 4381 (3)
256 4315 352 4375 Home,
367 4312 544 4372 introduction,
555 4310 603 4360 vol.
614 4309 646 4358 iv.
657 4323 682 4372 p.
693 4307 718 4355 ii.
730 4305 769 4356 cb.
778 4305 811 4355 iv.
