2744 5024
94 244 132 299 ιι
362 252 372 321 j
445 240 503 311 na
518 240 717 307 saccaro
739 242 940 307 onicinus.
996 314 1011 325 ,¹
1101 194 1108 208 ⁸

95 395 168 455 Non
181 413 272 465 anor,
287 414 323 455 ne
346 416 422 456 unus
442 395 631 473 quidem-troo
651 401 806 477 prestabit,
820 400 994 461 otmundus
1013 402 1223 483 wimundo
1235 422 1318 465 nese·

94 493 205 553 eatur.”
247 492 290 551 lta
302 494 500 554 Rosenmtiler
511 496 610 555 littere
621 498 774 557 inherens.
817 497 958 579 Volgatos
972 500 1216 579 interprespnolo
1228 503 1318 563 lites*-

94 590 172 649 rius:
208 590 311 657 “Quis
339 600 434 667 potest
458 591 550 650 iacere
576 593 713 652 mundum
738 592 774 651 de
798 594 949 655 immundo
969 606 1148 674 conceptum,
1164 599 1301 659 seminet-

95 685 125 745 N
127 702 204 745 onae
216 693 246 743 tu
261 686 405 758 qui-solos
418 706 450 745 es
461 687 494 743 1”
534 690 660 749 Sensum
672 689 750 748 hunc
764 708 824 749 non
833 692 943 767 respuit
956 692 1097 769 interpres
1107 692 1190 771 prius
1201 695 1295 765 laedar

97 790 152 848 tus,
176 780 227 838 aed
251 781 395 859 explicat:
423 791 442 817 “
455 783 542 853 Quid,
563 784 667 859 inquit,
688 785 836 843 hominem
861 786 948 862 punis
968 787 1005 845 ob
1026 797 1154 864 peecata,
1174 789 1213 849 ed
1232 804 1314 873 effi*

96 889 196 954 suapte
218 889 317 937 natura
339 889 384 937 est
402 882 549 956 proclivis,
563 892 593 940 et
612 901 675 955 quae
696 900 734 941 ex
755 882 859 941 vitiosa
870 882 967 941 indole
989 895 1094 944 mtirrae
1113 904 1187 956 sure,
1205 880 1313 961 qun}

95 973 260 1033 immundus
275 974 313 1032 sit
325 975 452 1051 origine,
461 978 550 1036 vitare
563 997 621 1038 non
636 988 731 1055 potest
740 976 789 1034 i”-¹
829 979 1017 1057 Septuaginta
1035 982 1122 1059 paulo
1136 982 1293 1053 ιι11ωι,·ισ1
1306 986 1311 1001 ”

94 1071 126 1127 in
140 1071 262 1129 eundem
277 1090 393 1130 sensum
406 1091 413 1128 :
428 1077 522 1148 ιεςγὰρ
539 1075 641 1142 καθαρὸς
658 1072 709 1139 iera
726 1074 770 1129 tei
787 1089 878 1143 pensor
890 1072 1068 1139 dra’stdsm
1080 1076 1182 1146 adipio
1197 1077 1294 1149 *ipsi

95 1162 151 1228 ὥς
162 1174 219 1221 turs
230 1171 268 1222 int
279 1187 386 1245 emm.
428 1175 448 1202 “
458 1164 532 1231 Quis
546 1163 624 1220 enim
646 1159 769 1219 mundus
785 1162 840 1219 erit
852 1182 870 1219 ι
888 1161 995 1221 sordet
1035 1164 1146 1233 Nemo,
1159 1165 1229 1225 lieet
1239 1165 1311 1224 sita·

96 1253 159 1329 ejus
175 1257 259 1315 unius
273 1258 330 1317 diei
343 1260 430 1321 fuerit
442 1276 530 1337 super
544 1257 679 1317 terrant
1168 1310 1176 1315 .

139 1355 206 1414 108.
230 1356 360 1427 Constat,
375 1359 471 1436 igitur,
485 1356 542 1415 Job
556 1367 585 1414 et
598 1355 704 1415 Davidi
718 1355 807 1415 fuisse
820 1375 989 1435 persuasum
1002 1359 1089 1436 juxta
1100 1358 1230 1419 divinam
1242 1368 1292 1417 tra·

96 1449 246 1520 ditionem,
261 1453 377 1512 sordem
392 1453 500 1531 peccati
515 1472 531 1509 a
544 1451 672 1524 quolibet
685 1451 814 1509 contrahi
823 1454 914 1509 etiam
928 1452 959 1510 in
971 1461 1063 1511 utero.
1104 1453 1193 1511 Hanc
1202 1453 1304 1517 fuisso¹

92 1545 113 1602 J
114 1546 261 1607 udoeorum
271 1567 454 1607 communem
463 1546 550 1605 fidem
562 1545 632 1603 adeo
643 1546 742 1617 liquet,
752 1545 925 1605 aenaeum
931 1545 1005 1607 aller
1013 1547 1086 1606 velit·
1094 1546 1219 1605 Paulum
1229 1561 1302 1607 cum*

94 1642 130 1701 iis
151 1662 190 1701 ex
212 1647 358 1704 concessis
379 1663 473 1722 agere,
485 1644 613 1702 dum-au
632 1653 782 1719 peccatum
802 1642 873 1701 aaa
888 1645 1021 1704 universa
1040 1645 1161 1703 humani
1180 1645 1297 1723 generis¹

94 1740 169 1799 mala
183 1742 293 1800 reiert⁹

135 1838 300 1899 Pronnaea
313 1860 359 1910 111,
375 1858 412 1899 ee·
429 1822 608 1898 Christianae
622 1834 763 1896 Ecclesia
772 1844 917 1917 perpetuo
931 1839 1101 1900 traditione.

136 1940 204 1994 109.
224 1936 244 1994 J
247 1957 369 1996 osrrnns
384 1936 453 1995 dicit
468 1935 617 1992 Christum
631 1935 660 1991 in
682 1932 807 1992 Jordane
832 1934 1016 2010 baptizatum,
1030 1937 1105 1995 sieut
1124 1945 1154 1994 et
1166 1936 1197 1994 in
1211 1953 1292 1997 cruce

20 2070 28 2083 -
94 2050 224 2113 passum,
239 2052 297 2090 non
311 2033 367 2098 sui,
382 2031 432 2088 sed
448 2030 565 2087 humani
576 2029 689 2103 generis
701 2047 806 2085 causa:
828 2050 887 2103 υκερ
903 2048 933 2085 τι
950 2052 1015 2103 γενος
1030 2048 1074 2087 rm
1090 2049 1140 2087 roa
1158 2035 1293 2101 ἂνθρωποι,

92 2127 103 2177 ὅ
115 2137 159 2180 ἀπο
170 2146 200 2182 ra
212 2130 287 2194 Αδαμ
296 2142 345 2180 orto
362 2133 465 2186 §wotos
476 2143 520 2176 και
530 2136 620 2191 ωνην
631 2138 676 2191 την
687 2138 731 2176 του
744 2116 833 2190 ’ὄφεως
843 2125 986 2181 marma,
997 2136 1063 2189 napa
1077 2136 1123 2188 την
1136 2121 1201 2173 idm
1217 2125 1293 2175 ὄντων

93 2219 163 2280 ξκσςι
174 2221 249 2268 aoros
260 2229 477 2282 αονηρευσαμενους
508 2221 527 2244 “
537 2228 590 2286 pro
600 2209 726 2268 humano
740 2228 855 2287 genere,
867 2208 945 2282 quod
956 2209 990 2265 ab
1004 2207 1117 2264 Adamo
1128 2207 1157 2265 in
1174 2219 1292 2266 mortem

93 2311 122 2361 et
135 2302 276 2377 serpentis
290 2301 419 2360 fraudem
433 2304 581 2373 inciderat,
596 2316 697 2382 prater
717 2307 832 2383 culpam
845 2305 991 2383 propriam
1008 2305 1148 2381 cujusque
1163 2304 1292 2381 improbe

93 2398 228 2475 agentis.³

136 2496 202 2550 110.
216 2493 367 2551 Inanmos:
379 2497 644 2563 “Quoniam-inilia
651 2499 908 2574 piasmationequae
918 2496 1290 2564 secundumhominemest,

93 2589 121 2646 in
132 2591 356 2666 transgressione
366 2592 455 2650 sactus
468 2595 621 2664 esthemo,
632 2595 775 2671 indigebat
785 2593 1178 2671 lavacroregenerationis.”⁴
1198 2597 1215 2632 ⁴*
1237 2594 1255 2628 *
1276 2598 1291 2631 1

94 2692 114 2720 “
125 2683 297 2744 Dissolvens
311 2688 388 2745 enirn
404 2707 468 2746 eam
482 2710 545 2761 quae
561 2693 595 2748 ab
610 2691 692 2748 initio
703 2691 733 2746 in
744 2691 824 2766 ligno
838 2689 911 2748 facta
924 2691 1016 2747 furerat
1025 2690 1151 2747 hominis
1164 2688 1291 2748 inobedi-

92 2781 208 2850 entiam,
220 2785 357 2843 obediens
370 2784 459 2843 sactus
468 2796 513 2844 est
525 2806 617 2860 usque
629 2786 665 2844 ad
677 2785 845 2844 mortem.”⁵
886 2785 1011 2851 “Quem
1023 2786 1052 2843 in
1067 2785 1160 2860 primo
1175 2784 1289 2859 quidem

93 2862 183 2938 idam
199 2881 383 2949 offendimus,
399 2902 456 2941 non
471 2883 608 2940 facientes
623 2883 685 2959 ejus
701 2893 885 2958 praeceptum,
900 2878 1072 2938 insecundo
1087 2889 1183 2936 autem
1198 2879 1288 2938 Adam

91 2978 266 3034 reconciliati
282 2978 428 3035 sumus.'’⁰

135 3076 201 3127 111.
224 3073 472 3139 Tanrunnmncs,
487 3074 574 3130 animi
598 3082 692 3130 motus
707 3074 757 3145 qui
780 3073 880 3130 rationi
901 3071 1114 3147 congruunt-nb-
1132 3071 1168 3128 iis
1183 3073 1233 3144 qni
1249 3062 1289 3131 re'·

94 3179 221 3244 pugnant
241 3166 418 3234 discernens,
434 3169 521 3225 dicit:
543 3178 565 3219 .“
576 3170 684 3235 Quium-2
693 3169 780 3227 dicit:
805 3169 943 3225 *Fuimus
958 3166 1109 3240 aliquando
1124 3180 1225 3225 natura
1238 3169 1289 3226 filii

91 3263 163 3330 irae,'
179 3264 341 3321 irrationale
356 3264 561 3341 indignativum
583 3266 727 3342 suggillat,
744 3266 819 3339 quod
834 3284 891 3322 non
906 3265 948 3321 sic
962 3282 999 3321 ex
1013 3283 1048 3321 ea
1061 3276 1160 3322 natura
1174 3285 1239 3338 quie
1253 3285 1302 3325 ιιι

91 3360 156 3419 Deo
171 3371 223 3429 est,
239 3360 289 3418 sed
305 3379 342 3418 ex
357 3361 405 3418 illa
418 3362 647 3435 quamaiabolus
668 3363 790 3429 induxit,
805 3361 939 3418 dominus
959 3372 988 3419 et
1001 3361 1063 3437 ipse
1078 3361 1170 3420 dictus
1185 3363 1231 3421 sui
1246 3381 1300 3421 or·-

91 3457 176 3524 dinis,
193 3458 282 3516 ‘Non
302 3460 420 3534 potestis
435 3459 684 3518 duobusdotninis
699 3461 804 3517 servire
815 3459 834 3515 :'
849 3469 927 3535 pater
939 3467 967 3515 et
981 3459 1044 3534 ipse
1058 3461 1294 3535 cognominatum·

91 3562 104 3592 e
115 3552 173 3611 Vos
188 3573 226 3610 ex
247 3553 359 3612 diaholo
372 3565 449 3631 patre
464 3556 555 3614 estis?
597 3558 644 3614 Ne
659 3558 759 3614 timeas
780 3565 809 3612 et
821 3555 863 3612 illi
884 3555 1085 3631 proprietatem
1100 3565 1207 3613 naturae
1222 3555 1288 3613 alte

59 3718 65 3729 Ι
89 3651 148 3709 rius
160 3651 334 3719 adscribere,
346 3654 510 3728 posterioria
525 3662 553 3710 et
567 3654 709 3720 adulterae,
725 3672 809 3725 quem
825 3652 897 3728 legis
909 3668 1063 3710 avenarum
1077 3653 1288 3728 supersemina·
1303 3672 1335 3695 ·‘

123 3822 166 3888 (1)
186 3822 256 3872 Ultra
273 3822 394 3886 dogmatis
411 3823 533 3876 Catholioi
550 3827 638 3877 limites
656 3825 806 3893 progreditur
823 3824 1001 3884 Rosenmiiller,
1014 3824 1191 3874 Protcsteutico
1209 3842 1288 3876 errore
1312 3836 1335 3847 ‘

88 3910 207 3960 laborans.

62 4032 67 4043 .
124 3997 201 4063 (w
209 3996 341 4045 Peccatum
350 3988 719 4058 originisagaovissaflearaos,
728 3995 1001 4058 testatumsrciuntqui
1008 3995 1088 4057 gentis
1098 3995 1165 4046 illius
1173 3996 1287 4058 dogmata
1311 4018 1317 4031 ¹

88 4082 243 4145 explicarunt
258 4082 314 4130 dota
330 4098 412 4146 opera,
423 4081 628 4131 refutaruntre's
648 4083 687 4131 Ita
699 4081 800 4155 ‘Ziegler
816 4081 905 4132 Theoi.
917 4081 982 4144 Dog.
998 4098 1023 4147 p.
1033 4082 1067 4138 11.
1084 4084 1100 4132 l.
1117 4082 1149 4132 Π.
1176 4083 1245 4133 -Not
1263 4086 1286 4142 3,
1305 4109 1315 4119 ,

106 4169 166 4217 .17.
193 4205 195 4209 .

88 4181 105 4229 p
124 4253 167 4318 (8)
186 4251 251 4301 Dinl.
262 4267 320 4301 cum
331 4248 466 4315 Tryphone
477 4226 601 4321 Judffl.
613 4253 653 4301 89.

124 4338 166 4402 (4)
185 4336 216 4386 L.
228 4354 251 4386 v.
263 4338 318 4387 adv.
329 4328 387 4387 tier.
398 4353 420 4387 a.
429 4353 470 4386 xv.
488 4370 490 4374 -

125 4423 167 4486 (ὁ)
187 4421 315 4472 ib.c.xvi.
342 4457 346 4463 -

124 4504 285 4572 (aaronem,
312 4541 316 4549 .
