2744 5024
94 249 152 305 166
466 241 523 305 DE
543 242 711 304 SPlRlTU
732 240 914 303 SANGTO.
956 292 983 327 ,Ι

358 593 500 654 carun
521 593 546 651 1.
588 592 645 652 nn
667 556 834 654 susurru
856 592 1037 652 sanum.

106 802 116 815 “
132 793 180 848 23.
203 789 325 850 Probata
334 791 396 867 jam
411 788 479 847 Filii
493 787 650 857 divinitate,
664 786 701 845 de
715 787 824 864 Spiritu
839 788 955 854 Sancto,
969 785 1020 859 qui
1035 785 1118 843 tertia
1138 793 1179 842 est
1190 784 1271 843 'thini-¹
1309 762 1316 861 i

90 884 155 943 tatis
170 903 302 962 persona,
316 883 492 943 tractandum
516 881 636 950 videtur,
651 893 803 956 antequam
824 883 920 959 ipsum
942 883 1028 940 trium
1054 881 1262 957 personarunin
1307 864 1316 931 i

90 1000 148 1040 una
170 981 267 1039 divina
280 992 378 1041 natura
398 979 569 1056 mysterium
583 980 754 1055 probemus:
777 998 866 1052 quum
888 979 967 1048 enirn
987 978 1025 1036 de
1048 978 1134 1038 Patre
1156 977 1223 1035 nullu
1236 976 1265 1034 sit
1310 1008 1316 1051 t

91 1080 293 1147 controversia,
308 1080 334 1137 si
348 1079 419 1137 duas
433 1077 503 1137 alias
518 1093 655 1151 personas
669 1075 772 1134 divino
788 1085 894 1134 natura
907 1085 1057 1134 consortes
1068 1070 1262 1141 ostenderimus,
1314 1062 1316 1067 ¹

90 1186 148 1232 tros
163 1177 192 1233 in
202 1176 267 1234 Deo
281 1191 418 1250 personas
432 1191 497 1230 esse
511 1171 630 1229 fateatur
640 1173 763 1244 quisque
775 1189 894 1229 necasse
908 1173 972 1229 erit.
1007 1171 1053 1229 Da
1065 1171 1171 1247 Spiritu
1182 1171 1272 1229 Sancto.

6 1304 11 1313 ·
91 1279 186 1327 autern
200 1288 236 1326 eo
258 1269 349 1345 magis
370 1268 511 1344 agendum
532 1276 586 1333 est,
602 1267 679 1339 quod
694 1269 756 1345 jam
777 1269 918 1345 nunejus
940 1268 1075 1333 divinitas
1096 1265 1266 1325 tautummodo

90 1365 284 1440 impugnetur,
298 1363 349 1421 aad
363 1382 431 1421 eum
446 1381 510 1420 esse
525 1372 553 1420 et
566 1364 722 1421 subsistere
736 1374 842 1440 negent
855 1363 992 1432 Unitarii,
1003 1372 1134 1423 vetorum
1148 1363 1273 1422 haeretico«

90 1478 153 1517 rum
169 1461 371 1535 plerorumque
387 1460 562 1535 impietatem
577 1460 663 1536 longe
676 1460 881 1537 praetergressi.

130 1558 179 1611 at.
201 1554 329 1612 Fuerunt
350 1554 477 1627 quidem,
489 1555 553 1630 ipsa
567 1554 669 1631 ignatii
682 1555 726 1612 M.
741 1566 833 1621 atate,
848 1554 897 1626 qui
912 1554 1053 1630 Spiritum
1074 1555 1206 1614 Sanctum
1218 1569 1266 1611 esso

90 1659 246 1726 negarent3
258 1667 295 1707 ex
304 1650 408 1722 quibus
423 1650 553 1708 nonnulli
566 1651 691 1720 Patrem,
705 1663 735 1707 et
748 1649 865 1717 Filium,
876 1661 904 1707 et
918 1650 1058 1726 Spiritum
1073 1652 1205 1709 Sanctum
1217 1666 1268 1707 eun-

91 1747 156 1805 dem
168 1765 233 1804 esse
246 1746 401 1805 dicebant.²
410 1744 667 1823 ·Horom'vestigia
679 1766 810 1823 pressere
825 1748 920 1824 pluras
935 1760 999 1806 ante
1009 1748 1070 1806 Arii
1082 1760 1222 1826 tempora3
1233 1744 1271 1818 qui

92 1860 181 1914 quum
201 1841 268 1899 Filii
282 1841 459 1900 divinitatem
475 1843 666 1919 impugnaret,
679 1843 820 1918 Spiritum
835 1845 973 1901 Sanctum
987 1845 1125 1902 creaturis
1141 1847 1272 1921 pariteru-

91 1937 249 1994 censebat.⁰
270 1937 360 1995 Totas
372 1947 466 1994 tamen
478 1937 551 1994 vires
562 1946 660 1994 contra
670 1936 775 1994 Filium
785 1937 907 2005 direxit;
919 1950 1092 2014 quapropter
1104 1939 1214 1996 nonnisi
1222 1944 1272 2014 post

91 2036 154 2110 ojus
169 2035 277 2092 obitum
292 2035 477 2092 vehementes
492 2035 521 2091 in
536 2034 675 2108 Spiritum
691 2034 825 2092 Sanctum
842 2033 955 2093 fuerunt
973 2045 1146 2094 sectatorum
1159 2036 1218 2111 ejus
1235 2035 1273 2090 in·

91 2132 267 2209 pressiones.
308 2131 413 2196 Varias,
430 2149 481 2206 pro
501 2130 699 2188 haereticorum
714 2149 804 2196 more,
820 2131 936 2189 suerunt
948 2135 1111 2200 sententiae,
1137 2143 1156 2170 ‘⁸
1167 2151 1227 2191 nam
1238 2126 1277 2185 alii

93 2217 212 2298 ἐνέργειαν
234 2247 353 2296 meram,
368 2227 396 2285 id
422 2238 476 2294 est,
497 2228 680 2286 efficientiam
705 2246 769 2285 esse
793 2227 944 2286 dicebant:
975 2230 1022 2287 alii
1048 2244 1218 2288 creaturam:
1238 2222 1275 2283 alii

92 2326 207 2385 Deum:
229 2326 277 2383 alii
291 2325 404 2383 cuinam
420 2324 614 2383 attribuendus
628 2335 705 2382 esset
719 2326 816 2400 generi
831 2325 1045 2400 ignorabant.‘’⁸

11 2438 29 2503 Ἰ
131 2427 182 2482 25.
204 2421 393 2481 Macedonius
407 2420 613 2488 Samiarianus,
625 2422 675 2493 qui
686 2421 857 2485 Arianorum
869 2440 957 2497 opera
969 2422 1004 2479 ad
1020 2423 1120 2482 sedern
1136 2415 1279 2482 Constanti·

95 2522 290 2598 nopolitanam
315 2528 493 2595 pervenerat,
509 2519 614 2575 sanato
636 2530 736 2590 quarto
762 2518 867 2583 medio,
889 2518 1016 2595 dogmati
1043 2520 1163 2579 insidias
1176 2516 1280 2578 struxit

93 2635 187 2691 neque
201 2615 296 2673 Deum
312 2613 456 2689 appellare
471 2612 582 2679 volens,
598 2631 691 2684 neque
703 2622 859 2670 creaturam
874 2633 960 2670 ausus
975 2615 1081 2683 dicere,
1096 2615 1126 2673 id
1148 2628 1237 2672 tamen
1248 2610 1282 2666 in·
1301 2636 1303 2641 ·

95 2715 234 2778 sinnam,
257 2709 333 2781 quod
355 2709 451 2784 plures
466 2726 503 2765 ex
518 2709 581 2784 ejus
595 2708 711 2764 asseclis
733 2721 827 2783 aperte
849 2710 1061 2784 profitebantur.
1105 2707 1284 2768 Alexandrina

95 2807 235 2884 synodus,
251 2803 371 2881 preside
386 2803 554 2870 Athanasio,
570 2803 708 2878 Spiritum
725 2804 862 2860 Sanctum
876 2804 971 2861 Deum
987 2824 1050 2862 esse
1067 2805 1165 2864 docuit
1177 2812 1199 2863 :⁴
1211 2796 1287 2880 syuo-

39 2914 48 2955 .·
96 2903 148 2960 dus
163 2901 326 2976 illyriciana
340 2901 435 2965 etiarn,
451 2917 525 2956 anno
539 2899 652 2955 circiter
667 2902 735 2965 367,
750 2899 813 2974 ejus
828 2898 1002 2956 divinitatem
1018 2901 1198 2960 vindicavit.⁵
1218 2911 1235 2938 ‘⁶
1248 2894 1288 2953 De

98 2999 256 3071 quaestione
269 2994 371 3050 certior
380 2994 470 3050 factus
480 2994 636 3068 episcopus
652 2992 811 3060 Romanus,
822 2994 989 3071 (Liberius,
991 2996 1006 3070 )
1022 2997 1139 3072 scripsit
1153 2998 1186 3054 ad
1199 2997 1296 3055 Orien·

97 3097 133 3153 tis
150 3092 312 3156 Ecclesiae,
329 3092 391 3165 ipse
406 3108 470 3146 curn
487 3089 652 3146 Occidentis
667 3089 825 3165 episcopis,
840 3103 872 3148 ut
886 3093 1055 3150 Trinitatem
1079 3095 1207 3152 colerent
1223 3095 1299 3170 ejus·

98 3189 162 3247 dem
179 3185 352 3251 substantiae,
368 3183 554 3258 ejusdemque
570 3183 675 3259 gloriae.
719 3186 785 3250 Quo
800 3188 935 3261 perfecto,
952 3199 1096 3260 tamquam
1120 3210 1155 3248 re
1175 3187 1260 3247 semel
1279 3196 1304 3234 ²

99 3285 230 3342 Romana
244 3280 377 3336 Ecclesia
390 3279 554 3354 dijudicata,
569 3280 673 3356 singuli
689 3283 938 3353 acquieverunt.'’⁶
981 3285 1208 3344 Macedonianus
1223 3287 1306 3343 error

100 3381 130 3437 in
144 3375 266 3434 concilio
282 3373 610 3449 Constantinopolitano,
626 3394 700 3433 anno
716 3382 784 3443 381,
802 3379 967 3455 profligatus
981 3389 1043 3448 ests
1059 3382 1137 3439 sicut
1152 3395 1180 3441 et
1194 3383 1222 3440 in
1242 3377 1308 3438 ΒΨ

100 3492 197 3540 mano,
212 3470 288 3530 idem
303 3470 356 3527 sub
372 3482 484 3547 tempus
500 3470 606 3538 habito,
624 3471 749 3528 Damaso
765 3473 896 3548 praeside.
1273 3464 1278 3475 ’

141 3575 190 3630 ad.
213 3569 336 3630 Unitarii
350 3569 491 3637 hodierni,
506 3568 619 3645 longius
634 3572 788 3647 progressi,
804 3583 907 3647 negant
922 3573 1060 3648 Spiritum
1076 3575 1217 3634 Sanctum
1229 3569 1307 3632 ullo‘

140 3812 182 3876 (1)
200 3808 249 3873 Ep.
261 3809 291 3858 ad
302 3807 447 3856 Trallianos.

138 3901 178 3963 (2)
199 3896 238 3945 lta
249 3903 350 3944 testatur
361 3892 517 3958 Epiphanius
528 3891 553 3942 in
563 3891 620 3941 hnr.
633 3894 674 3941 69.
690 3885 724 3940 Ν.
737 3895 777 3940 52.
790 3893 830 3941 56.
864 3892 1009 3943 Ambrosius
1019 3893 1060 3943 lib.
1071 3893 1102 3943 de
1119 3897 1230 3958 symbolo
1241 3911 1261 3945 o·
1276 3888 1314 3933 2·

105 3982 261 4044 Augustinus
271 3981 287 4028 1.
300 3981 330 4028 ds
341 3978 398 4027 har.
410 3995 430 4026 c.
443 3981 483 4027 69.
601 4034 605 4043 Ι

139 4070 176 4128 (3)
195 4066 296 4126 Gregor.
308 4064 334 4111 N
337 4079 371 4112 az.
383 4063 450 4111 Orat.
463 4066 495 4110 37
506 4062 536 4110 de
547 4061 638 4123 Spiritu
649 4061 674 4108 S.
689 4068 691 4075 ’

140 4152 178 4209 (4)
196 4149 226 4197 In
238 4163 276 4212 ep.
288 4146 373 4210 Synod
385 4145 414 4192 ad
427 4145 596 4194 Antiochenos
609 4144 673 4207 apud
686 4144 858 4203 Athanasium,
871 4155 896 4195 et
913 4147 978 4211 apud
990 4147 1114 4197 Socratem
1126 4150 1143 4198 l.
1154 4150 1190 4200 iii.
1201 4167 1222 4200 c.
1233 4155 1256 4199 7.

141 4238 184 4300 (5)
205 4233 279 4297 Apud
291 4231 437 4279 Theodorst.
450 4232 465 4278 l.
477 4231 509 4280 iv.
520 4231 576 4279 hist.
588 4247 608 4278 c.
621 4233 643 4278 7.
655 4238 740 4294 etseq.
1153 4275 1156 4279 ,

142 4321 184 4383 (6)
204 4319 333 4366 Sozomen.
345 4317 360 4364 l·
372 4317 403 4364 vl·
415 4332 436 4364 0·
448 4319 489 4362 22·
521 4320 605 4381 μαθὼν
616 4317 629 4367 d
641 4313 734 4384 P’dpp,
745 4319 875 4378 ἐπίσκοπος
885 4321 973 4388 ἒγςοψε
991 4334 1046 4380 τοις
1057 4318 1103 4371 doti
1115 4337 1162 4388 την
1173 4325 1204 4374 ἕω
1221 4324 1316 4380 tazaa‘

107 4403 174 4463 σίαις,
186 4407 227 4456 σὺν
238 4401 291 4462 τοῖς
306 4401 355 4454 ἀπὸ
367 4418 410 4470 της
427 4401 512 4462 δύσεως
522 4401 616 4467 tapetas,
628 4400 714 4470 rpt'udo
725 4405 835 4470 ὃμοέσιον
853 4406 894 4458 καὶ
912 4404 1025 4474 ὁμόδοξον
1035 4407 1187 4473 πρεσβεύειν·
1212 4403 1311 4464 siro&

106 4489 223 4556 pavonius,
234 4490 265 4548 a,
275 4491 317 4541 ἐπι
328 4488 475 4557 sanguninem
484 4485 548 4548 ἅπαξ
558 4487 624 4555 παρὰ
635 4504 678 4556 της
686 4490 809 4557 Pupam
817 4488 955 4560 ἐκκλησίας,
963 4490 1064 4561 ἡσυχίου
1079 4495 1140 4563 ἧγω
1148 4499 1243 4559 tangor.
