2744 5024
118 256 176 315 trs
345 244 353 259 “
390 248 448 312 Dr:
468 240 571 313 JESU
592 248 765 311 cuntant
786 248 1051 351 Dlvlmdfflss

118 410 201 489 regni
214 417 354 489 potestate
367 411 517 478 cauturus,
531 408 584 467 sed
597 424 664 477 nos,
684 403 736 483 qui
747 426 867 485 reguum
881 409 945 486 ejus
959 420 1074 479 summ,
1093 407 1161 469 Deo
1176 406 1250 467 Patri
1260 414 1303 465 tra'·
1354 428 1360 437 ·

118 504 228 567 diturus
240 506 273 565 iu
292 524 431 583 regnum..
464 504 559 583 Regni
578 503 693 564 traditio
712 514 808 563 nostra
829 504 976 581 protectio
995 514 1050 574 est,
1065 515 1104 565 -ut
1116 505 1170 579 qai
1186 504 1217 563 iu
1228 520 1318 580 rcgus-
1363 520 1365 525 ·

119 600 188 663 Filii
199 603 320 671 rumas,
344 605 374 662 iu
386 620 476 680 regno
492 620 607 675 quoque
621 602 713 661 simus
726 609 756 659 et
769 600 881 661 Patriae
902 600 1048 680 etgaripsr
1060 600 1091 661 id
1102 618 1194 679 regno
1215 599 1303 665 Patris

118 699 188 773 quia
201 698 282 776 digni
295 716 385 776 reguo
397 699 505 757 crimus
518 709 547 756 et
561 699 648 766 Filii3
669 698 794 774 proximi
808 709 869 755 turn
881 697 974 755 Patris
988 716 1087 775 regno,
1106 715 1174 763 cum
1188 695 1253 755 Filii
1262 693 1300 753 eti·
1361 710 1365 747 t

117 812 184 855 mus
199 794 230 853 iu
245 811 354 872 regnor
375 795 425 867 qui
438 803 484 852 est
510 793 676 853 benedictus
687 793 717 851 in
732 792 836 851 secun
849 792 1030 852 serculorum.
1050 789 1194 851 nuent*

161 894 231 949 114.
254 889 322 970 obj.
340 894 388 949 11.
410 888 584 949 omnimode
598 909 615 948 a
629 890 713 949 Patre
735 906 767 947 se
782 887 908 965 pendere
931 887 1068 947 cnrisu·
1085 888 1196 965 supina
1217 882 1303 945 innuit
1349 908 1365 953 n

118 1004 173 1048 nec
186 986 295 1061 aliquid
308 987 363 1045 sibi
377 986 522 1045 vindicare
542 1003 630 1045 ausus
643 994 709 1042 est:
729 984 841 1043 “Sient
854 1002 1018 1043 manuam...
1042 982 1117 1043 ...ttr
1136 983 1208 1041 milri
1225 981 1304 1047 Pater,

118 1086 162 1145 sic
177 1083 301 1144 lacio.'’¹
328 1092 350 1121 ⁶⁶
359 1083 430 1143 Mea
442 1081 571 1142 doctrine
584 1099 641 1139 nou
655 1094 787 1148 estmoe,
801 1079 853 1138 sed
867 1081 995 1157 ejusqui
1009 1070 1090 1139 misit
1099 1078 1194 1139 mest·
1222 1087 1242 1115 ‘⁴
1251 1077 1306 1137 Nun

118 1192 214 1259 potest
228 1181 322 1239 Filius
336 1199 353 1237 a
365 1180 504 1238 seluemo
519 1176 686 1251 quidquam,
705 1179 763 1236 uisi
777 1176 854 1251 quod
875 1176 978 1235 viderit
996 1177 1113 1236 Patrem
1127 1171 1310 1235 froimont*

107 1274 141 1315 '⁶‘
152 1276 260 1335 Sedere
274 1276 309 1334 ad
324 1275 470 1335 dextoram
486 1293 579 1333 meatu
594 1275 640 1333 vol
659 1275 815 1343 sinistram,
830 1284 947 1333 nonest
959 1292 1058 1333 meum
1078 1272 1146 1333 dure
1160 1273 1253 1341 rolris,
1266 1269 1312 1329 sed

121 1374 226 1447 quibus
240 1382 370 1449 puratum
383 1372 556 1431 ostaPatre
569 1371 684 1430 meo.”⁸
1363 1434 1365 1439 ,

164 1472 233 1526 tls.
254 1466 345 1545 Rcrp.
367 1467 516 1535 Quatenus
539 1467 637 1535 homo,
660 1487 678 1524 a
696 1465 761 1525 Deo
781 1466 938 1543 pendeltat3
959 1464 1046 1526 Pater
1064 1473 1162 1525 autern
1182 1466 1316 1543 precipuo
1345 1474 1365 1537 ἢ

120 1546 295 1632 nominatur,
317 1562 432 1636 quando
452 1563 533 1621 Deus
553 1564 722 1640 simpliciter
735 1572 763 1621 et
776 1561 904 1621 absolute
917 1562 1030 1631 dicitur,
1052 1562 1228 1640 principium
1247 1562 1318 1621 cuiut

121 1668 167 1717 cst
180 1659 298 1719 aliarum
311 1677 509 1737 personarum·
549 1659 628 1719 Patri
643 1678 675 1717 se
690 1661 888 1735 obtemperare
898 1659 1045 1736 professus
1055 1668 1110 1727 est,
1132 1660 1219 1717 morti
1233 1676 1265 1715 ac
1276 1659 1322 1716 'ob-

118 1759 246 1835 jssturus
260 1760 291 1816 in
305 1757 457 1817 hominurn
470 1757 607 1817 saluum.
643 1758 811 1817 Doctrinum
825 1775 912 1830 quam
927 1756 1041 1839 tradidit
1061 1756 1190 1815 humano
1210 1755 1323 1834 ingenio
1349 1822 1352 1827 ¹

121 1874 180 1915 nou
194 1855 384 1932 excogitatam
398 1854 491 1924 dixit;
511 1855 685 1914 mimbantur
694 1855 802 1932 quippe
816 1853 911 1914 Judaei
924 1872 992 1913 eum
1004 1853 1169 1924 docentem,
1188 1872 1255 1912 cum
1270 1870 1325 1912 non

122 1948 269 2009 didicisset
281 1950 408 2008 litteras:
430 1959 602 2026 quapropter
615 1950 760 2008 celestem
774 1951 837 2026 ejus
855 1949 995 2027 originem
1011 1948 1146 2026 prodidit.
1188 1949 1225 2007 In
1237 1949 1326 2027 operi·

122 2043 177 2101 bus
191 2061 255 2117 quoe
269 2042 366 2101 diviua
378 2043 485 2100 fiebunt
497 2044 610 2110 virtute,
624 2043 698 2101 nihil
720 2044 809 2103 veluti
822 2063 839 2101 a
852 2062 884 2101 se
896 2044 1027 2113 iaciebat,
1053 2044 1105 2103 sed
1119 2044 1216 2104 Patris
1231 2044 1268 2103 ad
1282 2062 1329 2103 ex·
1363 2092 1365 2105 .

122 2139 334 2215 emptumque
346 2156 412 2197 cum
427 2139 527 2196 intime
541 2140 711 2216 conjunctus
724 2150 787 2199 est:
808 2139 874 2200 ideo
886 2141 1032 2216 querelam
1043 2140 1215 2201 Judaeorum
1223 2140 1262 2200 de
1271 2141 1327 2201 riu·
1353 2146 1359 2157 '

124 2235 181 2293 lato
194 2234 320 2291 Subbato
330 2234 484 2310 rejecitse
494 2252 531 2292 ex
542 2235 636 2294 Patria
647 2236 774 2313 impulsu
787 2256 871 2315 agere
881 2236 1062 2298 affirmans.‘'
1119 2280 1123 2285 -
1342 2128 1365 2355 ¹

166 2331 234 2387 tls.
257 2326 344 2394 Quod
357 2329 513 2387 autem-rui
533 2331 644 2389 nonsit
657 2330 766 2408 primos
780 2333 810 2391 iu
824 2351 914 2411 reguo
933 2334 1058 2393 lrouom
1071 2334 1196 2393 tribuere
1211 2334 1329 2412 petenti·
1348 2332 1351 2339 '

124 2424 190 2492 bus,
205 2422 312 2482 iudicat
323 2422 432 2482 nullam
446 2425 564 2501 gratiam
578 2425 762 2499 favoremque
776 2427 934 2488 humanum
947 2430 978 2488 in
992 2428 1028 2487 iis
1050 2429 1208 2489 tribuendis
1226 2430 1329 2491 haten

124 2520 240 2588 loeumr
256 2518 308 2578 sed
317 2519 489 2603 equitatem,
501 2520 585 2597 j'uxta
595 2521 772 2599 singulorum
784 2524 990 2594 conditionem,
1001 2525 1086 2584 Patre
1096 2526 1137 2583 ita
1146 2525 1328 2585 decernente.

125 2616 197 2677 ldeo
209 2618 308 2677 matris
325 2616 428 2677 iacobi
441 2627 470 2675 ct
482 2617 604 2677 loannis
618 2637 719 2697 preces
733 2621 841 2697 rejecit,
863 2622 974 2695 hosque
989 2606 1091 2681 docuit
1099 2624 1237 2682 aerumnis
1250 2633 1281 2682 et
1291 2623 1330 2682 la·

123 2714 193 2772 bore
207 2712 314 2773 aditum
328 2711 365 2772 ad
377 2731 496 2792 regnum
512 2725 618 2792 patere.
660 2724 680 2752 ‘⁶
691 2716 809 2775 Frustra
821 2736 838 2774 a
861 2736 908 2776 me
923 2717 1053 2794 petitis,”
1073 2719 1113 2776 ita
1126 2718 1328 2796 Hieronymus

124 2811 333 2889 interpretatur,
355 2811 463 2885 “quod
477 2813 507 2870 in
522 2814 603 2872 vobis
618 2813 703 2871 sitnm
718 2823 772 2882 est,
787 2813 864 2887 quod
879 2815 965 2873 Pater
977 2832 1059 2873 meus
1071 2814 1129 2874 illis
1143 2817 1266 2892 pararit,
1280 2818 1328 2891 qui

125 2904 221 2982 dignis
235 2906 386 2964 virtutibus
401 2907 436 2963 ad
450 2916 556 2966 tantmn
570 2909 717 2967 ascensuri
729 2919 797 2966 sunt
809 2908 1022 2986 dignitatem.”⁷
1051 2910 1197 2971 Cutemm
1208 2912 1329 2990 gloriam

125 3009 155 3058 et
168 3001 255 3058 vitam
271 3011 404 3060 aeternum
421 3019 453 3058 se
472 3002 639 3079 largiturum
652 3006 759 3082 saepius
773 3005 932 3065 affirmavit.

169 3098 236 3152 ll't.
261 3091 335 3171 obj.
351 3095 521 3169 ludorum
545 3099 681 3158 divinitus
702 3102 837 3170 missurn,
860 3103 945 3179 juxta
967 3104 1176 3179 promissiones
1199 3106 1330 3181 patribus

126 3190 225 3257 lactas,
240 3190 372 3266 Apostoli
386 3191 584 3267 praedicarunt.
599 3214 666 3255 eunt
680 3198 737 3257 Dei
752 3200 879 3276 potentia
892 3218 909 3257 e
923 3201 1043 3258 mortuis
1057 3202 1226 3261 suscitatum
1242 3202 1280 3261 ad
1301 3202 1330 3261 id

129 3282 308 3361 probandum
322 3284 495 3344 affirmantes
506 3307 519 3356 ο
530 3288 572 3346 ds·
579 3289 676 3350 divina
688 3293 751 3369 eJus
766 3305 864 3353 natura
878 3294 935 3352 alto
949 3304 1061 3353 servato
1075 3296 1218 3355 silentio.⁸

174 3384 243 3439 118.
263 3380 354 3460 Rcap.
375 3383 507 3460 Apostoli
527 3387 858 3464 sapientereonat'rsunt
870 3391 989 3451 Judaeoa
1002 3392 1038 3450 ad
1060 3391 1147 3451 fidem
1172 3393 1331 3471 perducere

128 3476 165 3535 iis
180 3474 310 3535 adductis
323 3480 497 3556 argumentis
511 3490 540 3541 et
560 3485 741 3555 testimoniis,
757 3488 860 3562 quibus
881 3489 1025 3566 imprimis
1044 3488 1147 3548 desum
1161 3508 1230 3548 esse
1251 3492 1332 3551 Mes·

127 3571 199 3632 sirm
214 3571 341 3649 patribus
354 3575 530 3652 promissum
550 3578 743 3639 ostenderent.
784 3581 937 3642 luter-hec
950 3582 1135 3654 resurrectio,
1147 3602 1224 3663 opus
1246 3586 1334 3665 planu

225 3809 264 3871 (Ι)
281 3804 365 3857 lnl’s.
375 3807 470 3859 cxlviii.
572 3808 575 3813 '

229 3894 268 3954 (2)
285 3891 357 3942 Joan·
368 3890 417 3941 xiv.
428 3893 471 3942 31.

225 3977 263 4037 (ο)
281 3972 405 4025 tonnus
418 3976 462 4025 ιο.

225 4060 264 4120 (r)
280 4059 385 4109 toene.
398 4060 438 4107 ιο.

225 4144 264 4205 (6)
282 4141 353 4193 Mutt.
364 4155 409 4190 xx.
420 4143 462 4190 28.

228 4228 267 4290 (θ)
284 4224 348 4275 Vide
359 4223 486 4275 Petavium
497 4224 528 4276 de
538 4226 608 4279 Trio,
619 4229 635 4280 l.
646 4229 705 4282 iiic.
715 4230 747 4284 ir·
757 4235 773 4295 ς
785 4248 809 4286 r.
880 4268 883 4273 -

227 4313 266 4373 (7)
283 4308 314 4360 L.
323 4313 347 4359 2.
358 4314 443 4360 centn
452 4309 576 4363 Jovinian.

226 4396 265 4458 (Β)
282 4392 543 4461 Pricstlcy‚“History
555 4397 585 4447 ot‘
595 4395 911 4466 doemonum?
927 4405 1225 4476 pissmstpiqr.
1345 4448 1350 4455 ·
