2730 5018
83 285 158 339 tas·
366 275 422 363 DE
443 274 597 339 TRIBUS
618 275 664 343 IN
687 274 773 335 Dsso
795 271 1012 335 sansonis.
1107 358 1112 367 Ι

82 436 151 494 Non
166 435 299 507 quelibet
312 437 416 492 amoris
430 445 459 492 et
472 434 629 493 voluntatis.
641 432 805 508 conjunctio
820 429 937 498 sufficit,
951 440 982 487 ut
1002 429 1066 502 quis
1082 424 1200 485 censeri·
1217 440 1296 499 poss.

83 532 120 589 sit
134 531 248 589 Patrem
272 530 379 599 videre,
394 532 470 588 Filio
485 531 546 587 viso
559 550 575 597 ;.
594 528 645 586 sed
667 547 723 587 una
746 528 893 599 utriusque
907 537 1007 584 natura
1024 524 1101 589 lacit.
1115 532 1149 580 ut
1162 520 1234 578 alter
1254 519 1293 575 in.

81 628 169 687 altero
182 629 229 693 sit,
245 627 367 700 ideoque
382 627 521 694 videatur,
534 637 672 699 quatenus
687 626 812 683 interris
827 625 903 682 licet.
944 624 1045 698 Longe
1060 627 1177 695 superat
1186 616 1306 681 uanas„

80 724 143 786 brec
156 723 234 781 illam
249 741 335 796 quarn
350 723 483 781 Christus
498 722 644 799 Apostolis
659 731 839 797 apprecatur,
850 738 916 793 quae
933 737 1021 791 quum
1043 717 1122 793 prius
1138 732 1196 771 non
1212 711 1284 769 exti-

79 819 154 885 terit,
169 818 204 875 ad
218 827 345 876 naturam
361 818 460 877 referri
479 819 587 890 nequit,
602 817 652 873 sed
676 817 709 873 ad
733 817 828 892 gratiae
850 816 973 881 donum,
985 831 1043 886 quo
1066 809 1155 869 corda
1177 807 1300 879 affectu,

80 914 310 989 conjunguntur:
331 916 501 971 nec-mirum
518 915 593 971 banc
605 912 762 988 exemplari
776 930 829 969 suo
843 911 929 986 longe
944 909 1105 966 inferiorem
1122 923 1215 971 esse„

122 1014 190 1067 137.
215 1009 282 1087 obj.
303 1015 348 1068 lo.
371 1010 452 1071 Deus
467 1009 631 1068 essentialis
646 1020 674 1066 et
689 1007 868 1086 personalis.
878 1007 1021 1065 inducitur
1034 1003 1202 1080 prodigiosa
1216 1020 1292 1074 qua„

83 1104 149 1162 dam
165 1103 356 1174 distinctione,
371 1117 403 1164 ut
415 1107 519 1183 dogma
533 1103 846 1163 Trinitatisincoluane
859 1104 906 1160 sit.
947 1103 997 1159 Sic
1018 1118 1124 1159 nornen
1139 1097 1226 1154 Deua
1247 1095 1286 1168 de.

80 1218 252 1274 unaquaque
265 1221 387 1278 persona
400 1204 550 1280 sejunctim
567 1201 742 1278 praedicatur,
758 1200 955 1276 personaliter,
968 1198 1009 1254 nti
1024 1192 1287 1272 aiuutasimplicia

80 1302 124 1352 ter
136 1294 203 1352 verd
218 1296 348 1374 designat
361 1300 514 1356 essentiam
529 1298 655 1355 divinam
670 1315 720 1353 seu
736 1307 821 1353 totam
837 1296 1033 1353 Trinitatem.¹
1058 1338 1061 1343 .

101 1432 106 1439 -
126 1395 192 1448 138.
214 1391 303 1469 Resp.
329 1394 398 1452 Non
412 1403 552 1470 repugnat
571 1402 603 1450 ut
622 1391 703 1448 Deus
718 1403 835 1450 vocetur
855 1392 968 1449 diversa
988 1390 1110 1456 ratione,
1132 1396 1217 1462 prout
1237 1386 1276 1442 vel

76 1487 276 1548 ...asistentias
297 1490 418 1558 divinas,
433 1492 479 1548 vel
500 1502 626 1549 naturam
650 1491 777 1565 respicit.
821 1488 999 1565 Simpliciter
1012 1486 1129 1560 quidem
1151 1502 1288 1560 persepe.

77 1581 208 1659 designat
221 1583 346 1647 divinam
361 1596 500 1653 naturam,
516 1606 579 1658 quse
600 1589 698 1660 utique
713 1597 757 1643 est
779 1597 835 1649 tota
849 1585 995 1643 Trinitas:
1017 1581 1068 1639 sed
1079 1599 1081 1602 ⁴
1092 1581 1174 1639 Deus
1196 1577 1277 1636 Pater

77 1676 207 1755 designat
221 1681 340 1739 eandem
365 1694 492 1740 naturam
514 1685 632 1758 speciali
657 1685 710 1740 sub
734 1691 877 1757 respectu,
901 1691 1042 1752 quatenus
1064 1677 1196 1735 subsistit
1216 1677 1289 1737 sons.

77 1774 164 1830 totius
178 1775 342 1834 divinitatis.
384 1778 466 1835 Nihil
482 1778 528 1835 hic
543 1779 676 1856 pmdigii,
689 1799 705 1835 a
718 1797 778 1850 quo
792 1778 863 1854 ratio
878 1775 1013 1833 divinitus
1028 1775 1166 1840 illustrate
1180 1773 1279 1840 abbor-

75 1878 138 1937 ret;
153 1869 205 1927 sed
230 1872 406 1931 altissimum
427 1875 606 1949 mysterium,
622 1875 697 1948 quod
723 1885 850 1932 naturam
877 1882 977 1929 create
992 1871 1071 1928 omni
1095 1880 1290 1946 prestantem.

78 1964 219 2042 designat.

102 2110 105 2117 .
121 2066 189 2119 139.
216 2062 282 2141 ohj.
300 2069 346 2122 16.
368 2065 427 2123 Per
448 2084 537 2123 annos
552 2067 651 2124 saltem
667 2077 788 2140 quatuor
803 2065 892 2123 millia
907 2064 985 2122 Deus
1001 2063 1102 2120 unicus
1122 2062 1278 2130 colebatur,

78 2159 148 2231 quin
164 2158 199 2216 de
215 2161 303 2218 tribus
314 2161 353 2219 ‚iu
368 2180 404 2219 eo
424 2163 556 2237 personis
570 2165 635 2236 quis
657 2165 814 2240 cogitaret.
845 2162 965 2233 Aliusne
979 2162 1061 2219 nobis
1075 2159 1293 2226 colenduserit,

75 2253 179 2310 Deus?

99 2385 105 2394 -
124 2351 191 2406 140.
212 2349 302 2427 Ilerp.
324 2350 405 2409 idern
420 2351 500 2411 Deus
510 2355 593 2412 nobis
606 2354 786 2420 etomnibus,
803 2363 941 2426 quotquot
953 2353 1053 2429 spiritu
1064 2361 1093 2409 et
1102 2352 1219 2409 veritate
1232 2369 1280 2409 co-

79 2443 203 2511 luerunt,
215 2463 267 2520 per
280 2447 458 2506 omniarano
468 2451 582 2507 sucula.
604 2449 680 2507 Eum
691 2468 778 2506 unum
792 2449 953 2515 adorarunt,
963 2449 1075 2524 rejectis
1081 2447 1165 2519 ⁸salsis
1174 2448 1242 2517 diis,
1252 2458 1288 2521 et

79 2538 143 2612 ejus
172 2551 301 2600 naturam
316 2544 394 2600 omni
420 2544 543 2620 cogitatu
570 2544 696 2612 lmmano
717 2545 893 2620 superiorem
918 2553 1102 2619 agnoverunt.
1145 2543 1289 2602 Noneos.

82 2637 197 2711 penitus
211 2637 445 2714 latuitplureain
460 2641 527 2703 Deo⁴
545 2660 609 2699 esse
625 2660 773 2717 personas,
787 2660 877 2714 quum
898 2625 1119 2719 plurima'hujus
1135 2638 1279 2718 dogmatis

47 2794 65 2815 h
77 2731 183 2789 indicia
197 2734 226 2790 in
241 2736 383 2792 veteribus
399 2736 554 2813 Scriptnris
565 2739 748 2813 reperiantur.
783 2736 927 2807 Caeterum
940 2736 1016 2810 quod
1027 2738 1090 2809 baec
1100 2736 1204 2809 veritas
1219 2754 1290 2806 non.¹

25 2814 66 2901 1,-
82 2829 216 2886 omnibus
231 2830 314 2887 snerit
328 2834 475 2907 proposita
489 2853 522 2890 ea
544 2834 667 2896 claritate
682 2853 738 2906 qua
752 2834 886 2890 Christus
908 2852 969 2892 eam
990 2833 1136 2902 revelavit,
1148 2833 1291 2903 ostendit

77 2924 180 2984 divinae
196 2929 349 3003 Sapientiae
365 2932 552 2987 oeconomiam
565 2931 605 2987 illi
621 2933 769 2988 bominum
785 2933 858 2989 aetati
872 2943 901 2989 et
912 2930 1067 2989 conditioni
1080 2931 1291 2996 accommoda.

44 3014 51 3025 ⁸
77 3033 153 3091 tam;
170 3024 220 3081 sed
235 3024 310 3084 idem
322 3036 369 3083 est
383 3026 474 3092 Deus,
489 3026 556 3082 licet
569 3027 671 3084 clarius
693 3030 834 3102 cognitus,
851 3028 915 3102 ipso
930 3028 1006 3085 Filio
1027 3029 1089 3104 ejus
1105 3028 1275 3104 Unigenito,

80 3121 130 3194 qui
145 3130 190 3177 est
204 3123 232 3178 in
247 3123 311 3179 sinu
328 3123 429 3190 Patris,
445 3135 601 3186 enarrante.

119 3219 185 3272 141.
212 3215 279 3293 obj.
296 3222 341 3275 17.
364 3218 435 3283 Qua
450 3217 486 3274 de
509 3217 572 3274 Deo
597 3220 682 3281 unic-o.
703 3219 731 3275 in
755 3220 907 3296 Scripturis
929 3219 1069 3288 dicuntur,
1094 3239 1152 3285 non
1178 3233 1294 3298 potae..

76 3326 141 3372 runt
155 3315 189 3370 ab
205 3314 240 3370 iis
254 3313 287 3371 ad
300 3313 489 3387 quosdirecta
505 3326 570 3371 sumt
584 3315 703 3391 intelligi
724 3317 779 3373 nisi
801 3317 885 3383 obvio
906 3314 1049 3385 sensu,.d'e
1061 3320 1146 3376 Ente-
1159 3321 1295 3379 omnino.

76 3410 223 3486 singulari.
265 3409 310 3466 De
332 3409 512 3468 distinctione
527 3431 577 3469 ens
593 3413 666 3469 inter
679 3425 707 3468 et
722 3433 881 3488 personam,
897 3433 960 3488 quae
975 3417 1127 3490 posteriori
1140 3426 1221 3475 aetate
1236 3417 1293 3478 iu·,-.

78 3504 160 3562 ducta
174 3514 227 3572 est,
242 3523 278 3561 ne
292 3507 414 3581 rogitare
430 3506 544 3578 quidem
558 3507 755 3581 potuerunt.''¹

126 3607 191 3658 142.
213 3600 302 3678 Rerp.
324 3602 418 3659 Obvio
433 3621 501 3659 sane
524 3621 608 3660 sensn
632 3602 796 3679 accipienda
810 3612 882 3660 sunt⁴
901 3623 963 3676 quaa
979 3604 1014 3661 de
1037 3605 1092 3664 Dei
1107 3609 1213 3666 unitate
1236 3608 1295 3669 dia.

77 3707 196 3765 rnntur3
211 3695 261 3753 sed
276 3698 362 3754 simul
377 3697 537 3754 neccssarid
553 3698 813 3774 cogitandumeutn
836 3718 950 3756 omnem
972 3702 1061 3759 aciem
1085 3704 1278 3763 mentis-effu·

77 3811 153 3868 gere,
169 3803 197 3849 et
210 3793 321 3850 infinito
337 3793 483 3853 intervallo
501 3813 545 3850 res
561 3813 661 3851 omnes
676 3805 782 3851 creatas
797 3813 942 3870 superare.
975 3796 1032 3862 Qui
1048 3799 1132 3873 primi
1148 3799 1292 3861 revelem.

77 3902 133 3947 tem
147 3889 241 3946 Deum
250 3888 408 3956 audierunt,
419 3891 463 3947 vel
473 3891 653 3948 revelationis
669 3891 733 3949 sacti
746 3901 812 3948 sunt
823 3891 985 3967 participes,
997 3911 1177 3967 nequaquam
1190 3895 1227 3954 de
1240 3915 1277 3954 eo

77 3984 151 4041 sicut
164 3983 296 4041 derebus
310 3985 410 4041 creatis
426 3987 595 4060 cogitamnt,
610 3985 659 4041 sed
682 4004 813 4042 arcanum
835 3984 938 4044 divinae
959 3990 1090 4046 essentia
1112 3999 1170 4059 toto
1186 3993 1294 4064 animi¹

79 4082 216 4154 obsequio
230 4080 385 4145 coluerunt.
408 4081 561 4145 Distinctio
577 4082 649 4141 inter
663 4083 816 4147 essentiam
831 4092 858 4138 et
872 4101 1034 4157 personam,
1050 4086 1128 4158 quod
1141 4087 1276 4161 advoces

79 4181 186 4246 attinet,
201 4187 244 4235 est
258 4177 414 4254 posterior;
430 4177 479 4233 sed
495 4178 589 4249 Pater,
604 4176 705 4248 Filius,
720 4187 749 4234 et
764 4177 887 4252 Spiritus
903 4179 1036 4249 Sanctus,
1052 4182 1081 4238 in
1096 4183 1202 4241 unitate
1225 4204 1277 4243 na·

81 4289 147 4334 turae
163 4275 262 4336 divina
277 4273 448 4354 colebantur,
466 4271 565 4329 saltem
581 4291 616 4328 ex
632 4291 689 4345 quo
704 4283 830 4349 ternpore
846 4271 979 4344 Christus
995 4277 1030 4333 iis
1052 4278 1190 4336 invocatis
1206 4280 1276 4359 bap-

320 4468 362 4553 ἶ·
377 4466 419 4531 (1)
436 4464 578 4526 Wolzogen.
588 4463 658 4514 Decl.
667 4481 687 4514 c.
699 4465 748 4517 viii.

316 4546 361 4587 ''⁴³·
379 4552 420 4616 (2)
440 4549 596 4612 Chenning's
608 4550 752 4600 Ordination
765 4551 873 4603 sermon
