<?xml version="1.0" encoding="UTF-8"?>
<!DOCTYPE html PUBLIC "-//W3C//DTD XHTML 1.0 Transitional//EN"
    "http://www.w3.org/TR/xhtml1/DTD/xhtml1-transitional.dtd">
<html xmlns="http://www.w3.org/1999/xhtml" xml:lang="en" lang="en">
 <head>
  <title>
</title>
<meta http-equiv="Content-Type" content="text/html;charset=utf-8" />
  <meta name='ocr-system' content='tesseract 3.04.00' />
  <meta name='ocr-capabilities' content='ocr_page ocr_carea ocr_par ocr_line ocrx_word'/>
</head>
<body>
  <div class='ocr_page' id='page_1' title='image "./theologidogmati01kenrgoog_0335.png"; bbox 0 0 2730 5018; ppageno 0'>
   <div class='ocr_carea' id='block_1_1' title="bbox 488 232 1029 342">
    <p class='ocr_par' dir='ltr' id='par_1_1' title="bbox 488 232 1029 342">
     <span class='ocr_line' id='line_1_1' title="bbox 488 232 1029 342; baseline 0 -7"><span class='ocrx_word' id='word_1_1' title='bbox 488 266 547 335; x_wconf 81' lang='lat' dir='ltr'>un</span> <span class='ocrx_word' id='word_1_2' title='bbox 568 232 945 342; x_wconf 82' lang='lat' dir='ltr'>urseosrnronrsus·</span> <span class='ocrx_word' id='word_1_3' title='bbox 1026 290 1029 294; x_wconf 94' lang='lat'>·</span> 
     </span>
    </p>
   </div>
   <div class='ocr_carea' id='block_1_2' title="bbox 110 732 1310 828">
    <p class='ocr_par' dir='ltr' id='par_1_2' title="bbox 110 732 1310 828">
     <span class='ocr_line' id='line_1_2' title="bbox 110 732 1310 828; baseline 0.007 -10"><span class='ocrx_word' id='word_1_4' title='bbox 110 759 251 820; x_wconf 74' lang='lat' dir='ltr'>CAPUT</span> <span class='ocrx_word' id='word_1_5' title='bbox 276 761 330 820; x_wconf 85' lang='lat' dir='ltr'>Vl.</span> <span class='ocrx_word' id='word_1_6' title='bbox 372 761 429 822; x_wconf 83' lang='lat' dir='ltr'>DE</span> <span class='ocrx_word' id='word_1_7' title='bbox 452 760 815 824; x_wconf 84' lang='lat' dir='ltr'>DISPOSITIONIBUS</span> <span class='ocrx_word' id='word_1_8' title='bbox 835 763 891 823; x_wconf 80' lang='lat' dir='ltr'>AD</span> <span class='ocrx_word' id='word_1_9' title='bbox 912 732 1310 828; x_wconf 76' lang='lat' dir='ltr'>JUSTlFiCATiONEM.</span> 
     </span>
    </p>
   </div>
   <div class='ocr_carea' id='block_1_3' title="bbox 47 939 1331 3320">
    <p class='ocr_par' dir='ltr' id='par_1_3' title="bbox 47 939 1331 2368">
     <span class='ocr_line' id='line_1_3' title="bbox 158 939 1315 1030; baseline 0.01 -22"><span class='ocrx_word' id='word_1_10' title='bbox 158 955 224 1009; x_wconf 80' lang='lat'>19³.</span> <span class='ocrx_word' id='word_1_11' title='bbox 247 953 407 1011; x_wconf 79' lang='lat' dir='ltr'>Gratuitsm</span> <span class='ocrx_word' id='word_1_12' title='bbox 421 971 486 1012; x_wconf 86' lang='lat' dir='ltr'>esse</span> <span class='ocrx_word' id='word_1_13' title='bbox 504 954 739 1030; x_wconf 86' lang='lat' dir='ltr'>justificationem</span> <span class='ocrx_word' id='word_1_14' title='bbox 754 964 916 1013; x_wconf 77' lang='lat' dir='ltr'><strong>constanter</strong></span> <span class='ocrx_word' id='word_1_15' title='bbox 929 956 1013 1016; x_wconf 87' lang='lat' dir='ltr'>docet</span> <span class='ocrx_word' id='word_1_16' title='bbox 1026 939 1170 1025; x_wconf 74' lang='lat' dir='ltr'>Ecclesia,</span> <span class='ocrx_word' id='word_1_17' title='bbox 1187 955 1315 1020; x_wconf 83' lang='lat' dir='ltr'>Paulum</span> 
     </span>
     <span class='ocr_line' id='line_1_4' title="bbox 110 1023 1331 1132; baseline 0.005 -29"><span class='ocrx_word' id='word_1_18' title='bbox 110 1044 276 1122; x_wconf 79' lang='lat' dir='ltr'>magistrum</span> <span class='ocrx_word' id='word_1_19' title='bbox 302 1057 418 1115; x_wconf 77' lang='lat' dir='ltr'>secuts3</span> <span class='ocrx_word' id='word_1_20' title='bbox 447 1057 467 1083; x_wconf 83' lang='lat'>‘¹</span> <span class='ocrx_word' id='word_1_21' title='bbox 478 1050 563 1124; x_wconf 80' lang='lat' dir='ltr'>gratis</span> <span class='ocrx_word' id='word_1_22' title='bbox 589 1060 682 1107; x_wconf 86' lang='lat' dir='ltr'>autem</span> <span class='ocrx_word' id='word_1_23' title='bbox 707 1048 858 1132; x_wconf 77' lang='lat' dir='ltr'>justificari</span> <span class='ocrx_word' id='word_1_24' title='bbox 886 1049 952 1108; x_wconf 92' lang='lat' dir='ltr'>ideo</span> <span class='ocrx_word' id='word_1_25' title='bbox 979 1050 1112 1119; x_wconf 78' lang='lat' dir='ltr'>dicimur,</span> <span class='ocrx_word' id='word_1_26' title='bbox 1139 1052 1211 1124; x_wconf 83' lang='lat' dir='ltr'>qnia</span> <span class='ocrx_word' id='word_1_27' title='bbox 1238 1023 1331 1111; x_wconf 42' lang='lat' dir='ltr'>nihilw</span> 
     </span>
     <span class='ocr_line' id='line_1_5' title="bbox 47 1136 1302 1223; baseline 0.006 -25"><span class='ocrx_word' id='word_1_28' title='bbox 47 1154 53 1177; x_wconf 83' lang='lat'>¹</span> <span class='ocrx_word' id='word_1_29' title='bbox 109 1158 220 1209; x_wconf 89' lang='lat' dir='ltr'>eorum,</span> <span class='ocrx_word' id='word_1_30' title='bbox 247 1158 310 1215; x_wconf 72' lang='lat' dir='ltr'>qum</span> <span class='ocrx_word' id='word_1_31' title='bbox 336 1142 570 1220; x_wconf 75' lang='lat' dir='ltr'>justificationem</span> <span class='ocrx_word' id='word_1_32' title='bbox 599 1143 773 1222; x_wconf 74' lang='lat' dir='ltr'>precedunt,</span> <span class='ocrx_word' id='word_1_33' title='bbox 800 1145 861 1202; x_wconf 82' lang='lat' dir='ltr'>sive</span> <span class='ocrx_word' id='word_1_34' title='bbox 886 1144 972 1214; x_wconf 80' lang='lat' dir='ltr'>fider,</span> <span class='ocrx_word' id='word_1_35' title='bbox 995 1145 1056 1205; x_wconf 87' lang='lat' dir='ltr'>sive</span> <span class='ocrx_word' id='word_1_36' title='bbox 1082 1136 1183 1223; x_wconf 83' lang='lat' dir='ltr'>opera,</span> <span class='ocrx_word' id='word_1_37' title='bbox 1212 1146 1302 1222; x_wconf 81' lang='lat' dir='ltr'>ipsam</span> 
     </span>
     <span class='ocr_line' id='line_1_6' title="bbox 107 1232 1311 1318; baseline 0.007 -25"><span class='ocrx_word' id='word_1_38' title='bbox 107 1237 322 1312; x_wconf 75' lang='lat' dir='ltr'>justificationis</span> <span class='ocrx_word' id='word_1_39' title='bbox 336 1239 454 1314; x_wconf 76' lang='lat' dir='ltr'>gretiam</span> <span class='ocrx_word' id='word_1_40' title='bbox 467 1238 690 1315; x_wconf 87' lang='lat' dir='ltr'>promeretur.”¹</span> <span class='ocrx_word' id='word_1_41' title='bbox 719 1234 885 1305; x_wconf 70' lang='lat' dir='ltr'>‘Quomodo</span> <span class='ocrx_word' id='word_1_42' title='bbox 899 1253 992 1299; x_wconf 88' lang='lat' dir='ltr'>sutem</span> <span class='ocrx_word' id='word_1_43' title='bbox 1008 1241 1096 1299; x_wconf 82' lang='lat' dir='ltr'>adulti</span> <span class='ocrx_word' id='word_1_44' title='bbox 1113 1232 1149 1300; x_wconf 71' lang='lat' dir='ltr'>&#39;ad</span> <span class='ocrx_word' id='word_1_45' title='bbox 1164 1260 1229 1300; x_wconf 82' lang='lat' dir='ltr'>eam</span> <span class='ocrx_word' id='word_1_46' title='bbox 1245 1261 1311 1318; x_wconf 74' lang='lat' dir='ltr'>pne</span> 
     </span>
     <span class='ocr_line' id='line_1_7' title="bbox 110 1320 1309 1414; baseline 0.005 -26"><span class='ocrx_word' id='word_1_47' title='bbox 110 1342 247 1408; x_wconf 88' lang='lat' dir='ltr'>psrentur</span> <span class='ocrx_word' id='word_1_48' title='bbox 274 1333 399 1409; x_wconf 82' lang='lat' dir='ltr'>explicat</span> <span class='ocrx_word' id='word_1_49' title='bbox 426 1333 629 1393; x_wconf 87' lang='lat' dir='ltr'>Tridentinum</span> <span class='ocrx_word' id='word_1_50' title='bbox 662 1334 839 1402; x_wconf 86' lang='lat' dir='ltr'>Concilium,</span> <span class='ocrx_word' id='word_1_51' title='bbox 868 1327 978 1393; x_wconf 75' lang='lat' dir='ltr'>scilicet</span> <span class='ocrx_word' id='word_1_52' title='bbox 1007 1335 1074 1405; x_wconf 89' lang='lat' dir='ltr'>fide,</span> <span class='ocrx_word' id='word_1_53' title='bbox 1103 1337 1219 1404; x_wconf 90' lang='lat' dir='ltr'>timore,</span> <span class='ocrx_word' id='word_1_54' title='bbox 1250 1320 1309 1414; x_wconf 76' lang='lat' dir='ltr'>spe,</span> 
     </span>
     <span class='ocr_line' id='line_1_8' title="bbox 114 1427 1311 1509; baseline 0.004 -24"><span class='ocrx_word' id='word_1_55' title='bbox 114 1427 223 1496; x_wconf 90' lang='lat' dir='ltr'>dolore,</span> <span class='ocrx_word' id='word_1_56' title='bbox 247 1428 405 1505; x_wconf 90' lang='lat' dir='ltr'>proposito,</span> <span class='ocrx_word' id='word_1_57' title='bbox 424 1442 453 1487; x_wconf 91' lang='lat' dir='ltr'>et</span> <span class='ocrx_word' id='word_1_58' title='bbox 476 1430 627 1488; x_wconf 77' lang='lat' dir='ltr'>dilectione</span> <span class='ocrx_word' id='word_1_59' title='bbox 654 1430 710 1488; x_wconf 89' lang='lat' dir='ltr'>Dei</span> <span class='ocrx_word' id='word_1_60' title='bbox 734 1441 878 1504; x_wconf 79' lang='lat' dir='ltr'><strong>tamquam</strong></span> <span class='ocrx_word' id='word_1_61' title='bbox 903 1432 989 1491; x_wconf 86' lang='lat' dir='ltr'>sontis</span> <span class='ocrx_word' id='word_1_62' title='bbox 1011 1433 1107 1492; x_wconf 85' lang='lat' dir='ltr'>omnis</span> <span class='ocrx_word' id='word_1_63' title='bbox 1129 1431 1311 1509; x_wconf 57' lang='lat' dir='ltr'>justitie!-</span> 
     </span>
     <span class='ocr_line' id='line_1_9' title="bbox 111 1524 1310 1603; baseline 0.005 -23"><span class='ocrx_word' id='word_1_64' title='bbox 111 1525 208 1581; x_wconf 84' lang='lat' dir='ltr'>Gretis</span> <span class='ocrx_word' id='word_1_65' title='bbox 225 1524 377 1599; x_wconf 86' lang='lat' dir='ltr'>justificari</span> <span class='ocrx_word' id='word_1_66' title='bbox 390 1525 490 1583; x_wconf 86' lang='lat' dir='ltr'>fideles</span> <span class='ocrx_word' id='word_1_67' title='bbox 504 1525 601 1584; x_wconf 91' lang='lat' dir='ltr'>docuit</span> <span class='ocrx_word' id='word_1_68' title='bbox 614 1526 757 1584; x_wconf 85' lang='lat' dir='ltr'>Luthcrus</span> <span class='ocrx_word' id='word_1_69' title='bbox 773 1527 829 1584; x_wconf 84' lang='lat' dir='ltr'>alio</span> <span class='ocrx_word' id='word_1_70' title='bbox 849 1546 967 1603; x_wconf 84' lang='lat' dir='ltr'>prorsus</span> <span class='ocrx_word' id='word_1_71' title='bbox 987 1546 1086 1596; x_wconf 86' lang='lat' dir='ltr'>sensu,</span> <span class='ocrx_word' id='word_1_72' title='bbox 1103 1527 1182 1603; x_wconf 90' lang='lat' dir='ltr'>quod</span> <span class='ocrx_word' id='word_1_73' title='bbox 1204 1529 1310 1586; x_wconf 86' lang='lat' dir='ltr'>scilieet</span> 
     </span>
     <span class='ocr_line' id='line_1_10' title="bbox 110 1618 1312 1699; baseline 0.003 -21"><span class='ocrx_word' id='word_1_74' title='bbox 110 1618 191 1678; x_wconf 86' lang='lat' dir='ltr'>Dens</span> <span class='ocrx_word' id='word_1_75' title='bbox 205 1618 385 1678; x_wconf 76' lang='lat' dir='ltr'>credemibus</span> <span class='ocrx_word' id='word_1_76' title='bbox 400 1621 510 1680; x_wconf 88' lang='lat' dir='ltr'>Christi</span> <span class='ocrx_word' id='word_1_77' title='bbox 525 1623 646 1698; x_wconf 76' lang='lat' dir='ltr'>imputet</span> <span class='ocrx_word' id='word_1_78' title='bbox 661 1623 824 1699; x_wconf 80' lang='lat' dir='ltr'>justitiam3</span> <span class='ocrx_word' id='word_1_79' title='bbox 844 1620 1022 1682; x_wconf 89' lang='lat' dir='ltr'>credentium</span> <span class='ocrx_word' id='word_1_80' title='bbox 1044 1623 1114 1683; x_wconf 85' lang='lat' dir='ltr'>verd</span> <span class='ocrx_word' id='word_1_81' title='bbox 1130 1625 1250 1682; x_wconf 91' lang='lat' dir='ltr'>nomine</span> <span class='ocrx_word' id='word_1_82' title='bbox 1270 1626 1312 1682; x_wconf 87' lang='lat' dir='ltr'>in-</span> 
     </span>
     <span class='ocr_line' id='line_1_11' title="bbox 109 1714 1312 1796; baseline 0.003 -22"><span class='ocrx_word' id='word_1_83' title='bbox 109 1714 219 1774; x_wconf 84' lang='lat' dir='ltr'>tellexit</span> <span class='ocrx_word' id='word_1_84' title='bbox 232 1733 283 1773; x_wconf 88' lang='lat' dir='ltr'>eos</span> <span class='ocrx_word' id='word_1_85' title='bbox 298 1717 348 1788; x_wconf 94' lang='lat' dir='ltr'>qni</span> <span class='ocrx_word' id='word_1_86' title='bbox 362 1715 481 1776; x_wconf 90' lang='lat' dir='ltr'>firmiter</span> <span class='ocrx_word' id='word_1_87' title='bbox 494 1719 549 1776; x_wconf 88' lang='lat' dir='ltr'>sibi</span> <span class='ocrx_word' id='word_1_88' title='bbox 564 1737 733 1794; x_wconf 82' lang='lat' dir='ltr'>persuasum</span> <span class='ocrx_word' id='word_1_89' title='bbox 754 1719 870 1787; x_wconf 83' lang='lat' dir='ltr'>habent,</span> <span class='ocrx_word' id='word_1_90' title='bbox 890 1719 947 1776; x_wconf 83' lang='lat' dir='ltr'>sibi</span> <span class='ocrx_word' id='word_1_91' title='bbox 962 1721 1106 1796; x_wconf 81' lang='lat' dir='ltr'>justitiam</span> <span class='ocrx_word' id='word_1_92' title='bbox 1128 1719 1242 1777; x_wconf 78' lang='lat' dir='ltr'>Christi</span> <span class='ocrx_word' id='word_1_93' title='bbox 1262 1720 1312 1778; x_wconf 89' lang='lat' dir='ltr'>im·</span> 
     </span>
     <span class='ocr_line' id='line_1_12' title="bbox 118 1814 1311 1891; baseline 0.004 -20"><span class='ocrx_word' id='word_1_94' title='bbox 118 1814 222 1890; x_wconf 83' lang='lat' dir='ltr'>putari.</span> <span class='ocrx_word' id='word_1_95' title='bbox 264 1814 415 1872; x_wconf 78' lang='lat' dir='ltr'>Summum</span> <span class='ocrx_word' id='word_1_96' title='bbox 436 1815 478 1873; x_wconf 90' lang='lat' dir='ltr'>rei</span> <span class='ocrx_word' id='word_1_97' title='bbox 493 1814 665 1873; x_wconf 77' lang='lat' dir='ltr'>Christiane</span> <span class='ocrx_word' id='word_1_98' title='bbox 686 1817 715 1873; x_wconf 90' lang='lat' dir='ltr'>in</span> <span class='ocrx_word' id='word_1_99' title='bbox 730 1815 858 1874; x_wconf 77' lang='lat' dir='ltr'>doctrine</span> <span class='ocrx_word' id='word_1_100' title='bbox 878 1815 915 1875; x_wconf 88' lang='lat' dir='ltr'>de</span> <span class='ocrx_word' id='word_1_101' title='bbox 932 1816 1137 1891; x_wconf 73' lang='lat' dir='ltr'>justificatione</span> <span class='ocrx_word' id='word_1_102' title='bbox 1153 1835 1208 1874; x_wconf 86' lang='lat' dir='ltr'>suo</span> <span class='ocrx_word' id='word_1_103' title='bbox 1228 1816 1311 1876; x_wconf 86' lang='lat' dir='ltr'>modo</span> 
     </span>
     <span class='ocr_line' id='line_1_13' title="bbox 116 1909 1316 1985; baseline 0.002 -19"><span class='ocrx_word' id='word_1_104' title='bbox 116 1909 258 1984; x_wconf 77' lang='lat' dir='ltr'>explicate</span> <span class='ocrx_word' id='word_1_105' title='bbox 272 1910 388 1985; x_wconf 85' lang='lat' dir='ltr'>posuit:</span> <span class='ocrx_word' id='word_1_106' title='bbox 404 1915 424 1948; x_wconf 85' lang='lat'>“</span> <span class='ocrx_word' id='word_1_107' title='bbox 434 1910 463 1969; x_wconf 92' lang='lat' dir='ltr'>in</span> <span class='ocrx_word' id='word_1_108' title='bbox 478 1911 534 1968; x_wconf 91' lang='lat' dir='ltr'>hoc</span> <span class='ocrx_word' id='word_1_109' title='bbox 548 1911 665 1968; x_wconf 82' lang='lat' dir='ltr'>articulo</span> <span class='ocrx_word' id='word_1_110' title='bbox 680 1911 732 1967; x_wconf 85' lang='lat' dir='ltr'>sits</span> <span class='ocrx_word' id='word_1_111' title='bbox 748 1920 823 1977; x_wconf 90' lang='lat' dir='ltr'>sunt,</span> <span class='ocrx_word' id='word_1_112' title='bbox 836 1919 865 1968; x_wconf 88' lang='lat' dir='ltr'>et</span> <span class='ocrx_word' id='word_1_113' title='bbox 877 1911 1039 1969; x_wconf 84' lang='lat' dir='ltr'>consistunt</span> <span class='ocrx_word' id='word_1_114' title='bbox 1047 1911 1157 1979; x_wconf 84' lang='lat' dir='ltr'>omnis,</span> <span class='ocrx_word' id='word_1_115' title='bbox 1172 1928 1239 1983; x_wconf 79' lang='lat' dir='ltr'>quse</span> <span class='ocrx_word' id='word_1_116' title='bbox 1250 1929 1316 1970; x_wconf 87' lang='lat' dir='ltr'>con·</span> 
     </span>
     <span class='ocr_line' id='line_1_14' title="bbox 111 2003 1314 2081; baseline 0.002 -21"><span class='ocrx_word' id='word_1_117' title='bbox 111 2014 153 2061; x_wconf 83' lang='lat' dir='ltr'>trs</span> <span class='ocrx_word' id='word_1_118' title='bbox 166 2003 287 2081; x_wconf 79' lang='lat' dir='ltr'>Papum,</span> <span class='ocrx_word' id='word_1_119' title='bbox 302 2003 457 2072; x_wconf 86' lang='lat' dir='ltr'>diabolum,</span> <span class='ocrx_word' id='word_1_120' title='bbox 471 2015 500 2063; x_wconf 89' lang='lat' dir='ltr'>et</span> <span class='ocrx_word' id='word_1_121' title='bbox 514 2005 677 2063; x_wconf 83' lang='lat' dir='ltr'>universum</span> <span class='ocrx_word' id='word_1_122' title='bbox 690 2003 828 2062; x_wconf 90' lang='lat' dir='ltr'>mnndum</span> <span class='ocrx_word' id='word_1_123' title='bbox 843 2006 874 2062; x_wconf 93' lang='lat' dir='ltr'>in</span> <span class='ocrx_word' id='word_1_124' title='bbox 889 2005 946 2062; x_wconf 81' lang='lat' dir='ltr'>rita</span> <span class='ocrx_word' id='word_1_125' title='bbox 959 2016 1056 2064; x_wconf 81' lang='lat' dir='ltr'>nostru</span> <span class='ocrx_word' id='word_1_126' title='bbox 1067 2005 1217 2073; x_wconf 86' lang='lat' dir='ltr'>docemus,</span> <span class='ocrx_word' id='word_1_127' title='bbox 1232 2015 1314 2063; x_wconf 78' lang='lat' dir='ltr'>teste·</span> 
     </span>
     <span class='ocr_line' id='line_1_15' title="bbox 109 2082 1314 2191; baseline 0.002 -36"><span class='ocrx_word' id='word_1_128' title='bbox 109 2116 185 2166; x_wconf 89' lang='lat' dir='ltr'>mur,</span> <span class='ocrx_word' id='word_1_129' title='bbox 200 2108 230 2156; x_wconf 91' lang='lat' dir='ltr'>et</span> <span class='ocrx_word' id='word_1_130' title='bbox 243 2098 402 2176; x_wconf 48' lang='lat' dir='ltr'>sugimus?¹</span> <span class='ocrx_word' id='word_1_131' title='bbox 443 2099 478 2157; x_wconf 91' lang='lat' dir='ltr'>ln</span> <span class='ocrx_word' id='word_1_132' title='bbox 492 2100 644 2170; x_wconf 79' lang='lat' dir='ltr'>colloquiis</span> <span class='ocrx_word' id='word_1_133' title='bbox 665 2098 857 2175; x_wconf 84' lang='lat' dir='ltr'>symposiacis</span> <span class='ocrx_word' id='word_1_134' title='bbox 873 2097 1001 2191; x_wconf 71' lang='lat' dir='ltr'>dicebat:</span> <span class='ocrx_word' id='word_1_135' title='bbox 1026 2100 1091 2157; x_wconf 83' lang='lat' dir='ltr'>“Si</span> <span class='ocrx_word' id='word_1_136' title='bbox 1111 2100 1175 2158; x_wconf 84' lang='lat' dir='ltr'>lraec</span> <span class='ocrx_word' id='word_1_137' title='bbox 1189 2082 1314 2158; x_wconf 69' lang='lat' dir='ltr'>doctrino</span> 
     </span>
     <span class='ocr_line' id='line_1_16' title="bbox 110 2193 1318 2272; baseline 0.002 -21"><span class='ocrx_word' id='word_1_138' title='bbox 110 2194 249 2252; x_wconf 87' lang='lat' dir='ltr'>exciderit</span> <span class='ocrx_word' id='word_1_139' title='bbox 262 2204 355 2253; x_wconf 83' lang='lat' dir='ltr'>actum</span> <span class='ocrx_word' id='word_1_140' title='bbox 370 2205 415 2252; x_wconf 89' lang='lat' dir='ltr'>est</span> <span class='ocrx_word' id='word_1_141' title='bbox 427 2193 462 2252; x_wconf 91' lang='lat' dir='ltr'>de</span> <span class='ocrx_word' id='word_1_142' title='bbox 476 2194 606 2252; x_wconf 84' lang='lat' dir='ltr'>nobis.”⁴</span> <span class='ocrx_word' id='word_1_143' title='bbox 637 2193 775 2252; x_wconf 84' lang='lat' dir='ltr'>Calvinus</span> <span class='ocrx_word' id='word_1_144' title='bbox 790 2194 896 2253; x_wconf 91' lang='lat' dir='ltr'>electos</span> <span class='ocrx_word' id='word_1_145' title='bbox 912 2204 1021 2253; x_wconf 83' lang='lat' dir='ltr'>tantum</span> <span class='ocrx_word' id='word_1_146' title='bbox 1038 2196 1192 2272; x_wconf 79' lang='lat' dir='ltr'>justificari</span> <span class='ocrx_word' id='word_1_147' title='bbox 1208 2194 1318 2263; x_wconf 56' lang='lat' dir='ltr'>docuit*</span> 
     </span>
     <span class='ocr_line' id='line_1_17' title="bbox 115 2280 1054 2368; baseline 0.003 -22"><span class='ocrx_word' id='word_1_148' title='bbox 115 2280 172 2347; x_wconf 83' lang='lat' dir='ltr'>fide</span> <span class='ocrx_word' id='word_1_149' title='bbox 188 2301 326 2368; x_wconf 78' lang='lat' dir='ltr'>concepte</span> <span class='ocrx_word' id='word_1_150' title='bbox 339 2310 371 2355; x_wconf 83' lang='lat' dir='ltr'>se</span> <span class='ocrx_word' id='word_1_151' title='bbox 386 2294 415 2348; x_wconf 94' lang='lat' dir='ltr'>in</span> <span class='ocrx_word' id='word_1_152' title='bbox 431 2289 548 2349; x_wconf 88' lang='lat' dir='ltr'>Christo</span> <span class='ocrx_word' id='word_1_153' title='bbox 563 2290 597 2349; x_wconf 85' lang='lat' dir='ltr'>ad</span> <span class='ocrx_word' id='word_1_154' title='bbox 612 2290 730 2368; x_wconf 82' lang='lat' dir='ltr'>gloriam</span> <span class='ocrx_word' id='word_1_155' title='bbox 745 2293 832 2367; x_wconf 80' lang='lat' dir='ltr'>gratis</span> <span class='ocrx_word' id='word_1_156' title='bbox 848 2290 1054 2368; x_wconf 81' lang='lat' dir='ltr'>praedcstinari.</span> 
     </span>
    </p>

    <p class='ocr_par' dir='ltr' id='par_1_4' title="bbox 111 2386 1318 3320">
     <span class='ocr_line' id='line_1_18' title="bbox 165 2386 1316 2463; baseline 0.003 -21"><span class='ocrx_word' id='word_1_157' title='bbox 165 2389 231 2443; x_wconf 79' lang='grc'><strong>194.</strong></span> <span class='ocrx_word' id='word_1_158' title='bbox 256 2386 409 2453; x_wconf 80' lang='lat' dir='ltr'>Jscuuter,</span> <span class='ocrx_word' id='word_1_159' title='bbox 422 2405 473 2463; x_wconf 94' lang='lat' dir='ltr'>pro</span> <span class='ocrx_word' id='word_1_160' title='bbox 486 2404 574 2452; x_wconf 90' lang='lat' dir='ltr'>more,</span> <span class='ocrx_word' id='word_1_161' title='bbox 590 2387 733 2446; x_wconf 87' lang='lat' dir='ltr'>Lutherus</span> <span class='ocrx_word' id='word_1_162' title='bbox 756 2386 842 2446; x_wconf 83' lang='lat' dir='ltr'>fidem</span> <span class='ocrx_word' id='word_1_163' title='bbox 866 2389 956 2447; x_wconf 79' lang='lat' dir='ltr'>solem</span> <span class='ocrx_word' id='word_1_164' title='bbox 971 2387 1077 2459; x_wconf 84' lang='lat' dir='ltr'>requiri</span> <span class='ocrx_word' id='word_1_165' title='bbox 1094 2387 1178 2454; x_wconf 83' lang='lat' dir='ltr'>dixit,</span> <span class='ocrx_word' id='word_1_166' title='bbox 1194 2386 1268 2448; x_wconf 85' lang='lat' dir='ltr'>adeo</span> <span class='ocrx_word' id='word_1_167' title='bbox 1287 2397 1316 2446; x_wconf 93' lang='lat' dir='ltr'>ut</span> 
     </span>
     <span class='ocr_line' id='line_1_19' title="bbox 113 2469 1313 2558; baseline 0 -20"><span class='ocrx_word' id='word_1_168' title='bbox 113 2480 238 2540; x_wconf 90' lang='lat' dir='ltr'>credenti</span> <span class='ocrx_word' id='word_1_169' title='bbox 252 2481 330 2539; x_wconf 82' lang='lat' dir='ltr'>nulle</span> <span class='ocrx_word' id='word_1_170' title='bbox 344 2482 458 2557; x_wconf 76' lang='lat' dir='ltr'>possint</span> <span class='ocrx_word' id='word_1_171' title='bbox 469 2482 572 2538; x_wconf 87' lang='lat' dir='ltr'>obesse</span> <span class='ocrx_word' id='word_1_172' title='bbox 587 2480 690 2538; x_wconf 78' lang='lat' dir='ltr'>delicta</span> <span class='ocrx_word' id='word_1_173' title='bbox 701 2485 723 2548; x_wconf 81' lang='lat'>3⁵</span> <span class='ocrx_word' id='word_1_174' title='bbox 737 2481 814 2553; x_wconf 93' lang='lat' dir='ltr'>quod</span> <span class='ocrx_word' id='word_1_175' title='bbox 829 2481 927 2540; x_wconf 70' lang='lat' dir='ltr'>dumus</span> <span class='ocrx_word' id='word_1_176' title='bbox 941 2481 1058 2548; x_wconf 89' lang='lat' dir='ltr'>dictum,</span> <span class='ocrx_word' id='word_1_177' title='bbox 1071 2481 1120 2540; x_wconf 79' lang='lat' dir='ltr'>atii</span> <span class='ocrx_word' id='word_1_178' title='bbox 1139 2469 1313 2558; x_wconf 77' lang='lat' dir='ltr'>mitigarunt,</span> 
     </span>
     <span class='ocr_line' id='line_1_20' title="bbox 111 2575 1315 2653; baseline -0.001 -17"><span class='ocrx_word' id='word_1_179' title='bbox 111 2578 239 2636; x_wconf 88' lang='lat' dir='ltr'>dicentes</span> <span class='ocrx_word' id='word_1_180' title='bbox 253 2575 340 2635; x_wconf 88' lang='lat' dir='ltr'>fidem</span> <span class='ocrx_word' id='word_1_181' title='bbox 355 2576 424 2633; x_wconf 82' lang='lat' dir='ltr'>alies</span> <span class='ocrx_word' id='word_1_182' title='bbox 440 2578 567 2643; x_wconf 86' lang='lat' dir='ltr'>virtutes,</span> <span class='ocrx_word' id='word_1_183' title='bbox 593 2577 681 2634; x_wconf 87' lang='lat' dir='ltr'>veluti</span> <span class='ocrx_word' id='word_1_184' title='bbox 702 2576 821 2645; x_wconf 83' lang='lat' dir='ltr'>fructus,</span> <span class='ocrx_word' id='word_1_185' title='bbox 843 2577 928 2645; x_wconf 85' lang='lat' dir='ltr'>serre,</span> <span class='ocrx_word' id='word_1_186' title='bbox 943 2595 1007 2649; x_wconf 77' lang='lat' dir='ltr'>qum</span> <span class='ocrx_word' id='word_1_187' title='bbox 1030 2587 1124 2634; x_wconf 83' lang='lat' dir='ltr'>tamen</span> <span class='ocrx_word' id='word_1_188' title='bbox 1134 2577 1315 2653; x_wconf 84' lang='lat' dir='ltr'>justificatio·</span> 
     </span>
     <span class='ocr_line' id='line_1_21' title="bbox 111 2669 1313 2747; baseline -0.002 -17"><span class='ocrx_word' id='word_1_189' title='bbox 111 2691 178 2730; x_wconf 91' lang='lat' dir='ltr'>nem</span> <span class='ocrx_word' id='word_1_190' title='bbox 193 2682 358 2744; x_wconf 83' lang='lat' dir='ltr'>sequantur.</span> <span class='ocrx_word' id='word_1_191' title='bbox 400 2669 473 2728; x_wconf 81' lang='lat' dir='ltr'>llaeo</span> <span class='ocrx_word' id='word_1_192' title='bbox 487 2669 562 2747; x_wconf 86' lang='lat' dir='ltr'>apud</span> <span class='ocrx_word' id='word_1_193' title='bbox 577 2672 728 2746; x_wconf 85' lang='lat' dir='ltr'>plerosque</span> <span class='ocrx_word' id='word_1_194' title='bbox 743 2672 916 2728; x_wconf 85' lang='lat' dir='ltr'>recentiores</span> <span class='ocrx_word' id='word_1_195' title='bbox 937 2671 1059 2728; x_wconf 86' lang='lat' dir='ltr'>obtinuit</span> <span class='ocrx_word' id='word_1_196' title='bbox 1079 2671 1219 2742; x_wconf 88' lang='lat' dir='ltr'>loquendi</span> <span class='ocrx_word' id='word_1_197' title='bbox 1234 2673 1313 2728; x_wconf 85' lang='lat' dir='ltr'>ratio.</span> 
     </span>
     <span class='ocr_line' id='line_1_22' title="bbox 119 2768 1315 2847; baseline -0.003 -19"><span class='ocrx_word' id='word_1_198' title='bbox 119 2771 272 2847; x_wconf 82' lang='lat' dir='ltr'>Anglicani</span> <span class='ocrx_word' id='word_1_199' title='bbox 293 2770 434 2826; x_wconf 78' lang='lat' dir='ltr'>affirmant</span> <span class='ocrx_word' id='word_1_200' title='bbox 458 2769 615 2826; x_wconf 86' lang='lat' dir='ltr'>doctrinam</span> <span class='ocrx_word' id='word_1_201' title='bbox 638 2787 702 2826; x_wconf 86' lang='lat' dir='ltr'>esse</span> <span class='ocrx_word' id='word_1_202' title='bbox 727 2771 852 2826; x_wconf 85' lang='lat' dir='ltr'>maxime</span> <span class='ocrx_word' id='word_1_203' title='bbox 874 2769 1036 2835; x_wconf 82' lang='lat' dir='ltr'>salutarem,</span> <span class='ocrx_word' id='word_1_204' title='bbox 1063 2777 1091 2825; x_wconf 92' lang='lat' dir='ltr'>et</span> <span class='ocrx_word' id='word_1_205' title='bbox 1113 2768 1315 2826; x_wconf 86' lang='lat' dir='ltr'>consolationis</span> 
     </span>
     <span class='ocr_line' id='line_1_23' title="bbox 115 2861 1316 2943; baseline -0.004 -19"><span class='ocrx_word' id='word_1_206' title='bbox 115 2868 241 2943; x_wconf 84' lang='lat' dir='ltr'>plenam,</span> <span class='ocrx_word' id='word_1_207' title='bbox 257 2865 333 2938; x_wconf 92' lang='lat' dir='ltr'>quod</span> <span class='ocrx_word' id='word_1_208' title='bbox 348 2864 404 2922; x_wconf 86' lang='lat' dir='ltr'>fide</span> <span class='ocrx_word' id='word_1_209' title='bbox 417 2865 478 2922; x_wconf 90' lang='lat' dir='ltr'>sola</span> <span class='ocrx_word' id='word_1_210' title='bbox 488 2861 696 2941; x_wconf 85' lang='lat' dir='ltr'>justificemur;</span> <span class='ocrx_word' id='word_1_211' title='bbox 712 2874 833 2921; x_wconf 84' lang='lat' dir='ltr'>attamen</span> <span class='ocrx_word' id='word_1_212' title='bbox 847 2865 922 2922; x_wconf 83' lang='lat' dir='ltr'>bona</span> <span class='ocrx_word' id='word_1_213' title='bbox 938 2883 1025 2939; x_wconf 88' lang='lat' dir='ltr'>opera</span> <span class='ocrx_word' id='word_1_214' title='bbox 1039 2863 1145 2920; x_wconf 83' lang='lat' dir='ltr'>fructus</span> <span class='ocrx_word' id='word_1_215' title='bbox 1161 2862 1241 2929; x_wconf 89' lang='lat' dir='ltr'>fidei,</span> <span class='ocrx_word' id='word_1_216' title='bbox 1254 2872 1316 2939; x_wconf 94' lang='lat' dir='ltr'>post</span> 
     </span>
     <span class='ocr_line' id='line_1_24' title="bbox 114 2959 1317 3038; baseline -0.003 -18"><span class='ocrx_word' id='word_1_217' title='bbox 114 2962 361 3038; x_wconf 83' lang='lat' dir='ltr'>justificationem,</span> <span class='ocrx_word' id='word_1_218' title='bbox 376 2961 559 3038; x_wconf 75' lang='lat' dir='ltr'>agnoscunt.l</span> <span class='ocrx_word' id='word_1_219' title='bbox 600 2960 812 3036; x_wconf 86' lang='lat' dir='ltr'>Presbyteriani</span> <span class='ocrx_word' id='word_1_220' title='bbox 827 2959 930 3018; x_wconf 85' lang='lat' dir='ltr'>docent</span> <span class='ocrx_word' id='word_1_221' title='bbox 944 2959 1030 3017; x_wconf 88' lang='lat' dir='ltr'>fidem</span> <span class='ocrx_word' id='word_1_222' title='bbox 1044 2960 1160 3017; x_wconf 88' lang='lat' dir='ltr'>unicum</span> <span class='ocrx_word' id='word_1_223' title='bbox 1176 2978 1242 3016; x_wconf 91' lang='lat' dir='ltr'>esse</span> <span class='ocrx_word' id='word_1_224' title='bbox 1259 2961 1317 3036; x_wconf 90' lang='lat' dir='ltr'>jus·</span> 
     </span>
     <span class='ocr_line' id='line_1_25' title="bbox 114 3053 1315 3132; baseline -0.001 -19"><span class='ocrx_word' id='word_1_225' title='bbox 114 3053 275 3115; x_wconf 87' lang='lat' dir='ltr'>tificationis</span> <span class='ocrx_word' id='word_1_226' title='bbox 290 3057 520 3122; x_wconf 87' lang='lat' dir='ltr'>instrumentum,</span> <span class='ocrx_word' id='word_1_227' title='bbox 536 3053 586 3111; x_wconf 87' lang='lat' dir='ltr'>sed</span> <span class='ocrx_word' id='word_1_228' title='bbox 602 3056 630 3112; x_wconf 92' lang='lat' dir='ltr'>in</span> <span class='ocrx_word' id='word_1_229' title='bbox 647 3054 763 3112; x_wconf 90' lang='lat' dir='ltr'>homine</span> <span class='ocrx_word' id='word_1_230' title='bbox 773 3057 930 3132; x_wconf 84' lang='lat' dir='ltr'>justificato</span> <span class='ocrx_word' id='word_1_231' title='bbox 942 3056 1033 3112; x_wconf 85' lang='lat' dir='ltr'>solam</span> <span class='ocrx_word' id='word_1_232' title='bbox 1049 3055 1123 3113; x_wconf 85' lang='lat' dir='ltr'>haud</span> <span class='ocrx_word' id='word_1_233' title='bbox 1138 3073 1215 3122; x_wconf 86' lang='lat' dir='ltr'>esse,</span> <span class='ocrx_word' id='word_1_234' title='bbox 1230 3073 1315 3127; x_wconf 89' lang='lat' dir='ltr'>quum</span> 
     </span>
     <span class='ocr_line' id='line_1_26' title="bbox 115 3138 1318 3226; baseline -0.002 -17"><span class='ocrx_word' id='word_1_235' title='bbox 115 3171 177 3209; x_wconf 84' lang='lat' dir='ltr'>eam</span> <span class='ocrx_word' id='word_1_236' title='bbox 190 3170 305 3226; x_wconf 86' lang='lat' dir='ltr'>semper</span> <span class='ocrx_word' id='word_1_237' title='bbox 317 3153 487 3208; x_wconf 90' lang='lat' dir='ltr'>comitentur</span> <span class='ocrx_word' id='word_1_238' title='bbox 496 3163 604 3208; x_wconf 83' lang='lat' dir='ltr'>caeterae</span> <span class='ocrx_word' id='word_1_239' title='bbox 619 3168 720 3207; x_wconf 87' lang='lat' dir='ltr'>omnes</span> <span class='ocrx_word' id='word_1_240' title='bbox 736 3138 831 3226; x_wconf 67' lang='lat' dir='ltr'>&#39;gratim</span> <span class='ocrx_word' id='word_1_241' title='bbox 847 3152 1010 3208; x_wconf 79' lang='lat' dir='ltr'>salutares⁷</span> <span class='ocrx_word' id='word_1_242' title='bbox 1026 3149 1098 3206; x_wconf 85' lang='lat' dir='ltr'>Haec</span> <span class='ocrx_word' id='word_1_243' title='bbox 1112 3169 1242 3207; x_wconf 87' lang='lat' dir='ltr'>consona</span> <span class='ocrx_word' id='word_1_244' title='bbox 1255 3165 1318 3207; x_wconf 85' lang='lat' dir='ltr'>sunt</span> 
     </span>
     <span class='ocr_line' id='line_1_27' title="bbox 117 3243 1316 3320; baseline -0.002 -18"><span class='ocrx_word' id='word_1_245' title='bbox 117 3245 230 3303; x_wconf 86' lang='lat' dir='ltr'>Calvini</span> <span class='ocrx_word' id='word_1_246' title='bbox 245 3247 375 3320; x_wconf 84' lang='lat' dir='ltr'>placitis:</span> <span class='ocrx_word' id='word_1_247' title='bbox 399 3256 418 3281; x_wconf 89' lang='lat'>“</span> <span class='ocrx_word' id='word_1_248' title='bbox 429 3246 624 3320; x_wconf 68' lang='lat' dir='ltr'>poenitentiam</span> <span class='ocrx_word' id='word_1_249' title='bbox 640 3244 706 3301; x_wconf 79' lang='lat' dir='ltr'>verti</span> <span class='ocrx_word' id='word_1_250' title='bbox 722 3265 779 3303; x_wconf 92' lang='lat' dir='ltr'>non</span> <span class='ocrx_word' id='word_1_251' title='bbox 802 3246 887 3304; x_wconf 90' lang='lat' dir='ltr'>modo</span> <span class='ocrx_word' id='word_1_252' title='bbox 903 3244 990 3302; x_wconf 84' lang='lat' dir='ltr'>fidem</span> <span class='ocrx_word' id='word_1_253' title='bbox 1011 3243 1147 3312; x_wconf 88' lang='lat' dir='ltr'>continud</span> <span class='ocrx_word' id='word_1_254' title='bbox 1168 3245 1316 3317; x_wconf 86' lang='lat' dir='ltr'>subsequi,</span> 
     </span>
    </p>
   </div>
   <div class='ocr_carea' id='block_1_4' title="bbox 126 3389 1320 3880">
    <p class='ocr_par' dir='ltr' id='par_1_5' title="bbox 151 3389 593 3460">
     <span class='ocr_line' id='line_1_28' title="bbox 151 3389 593 3460; baseline -0.011 -18"><span class='ocrx_word' id='word_1_255' title='bbox 151 3395 192 3460; x_wconf 93' lang='lat' dir='ltr'>(l)</span> <span class='ocrx_word' id='word_1_256' title='bbox 213 3391 290 3440; x_wconf 85' lang='lat' dir='ltr'>Conc</span> <span class='ocrx_word' id='word_1_257' title='bbox 304 3390 373 3439; x_wconf 88' lang='lat' dir='ltr'>Trid.</span> <span class='ocrx_word' id='word_1_258' title='bbox 384 3389 449 3438; x_wconf 82' lang='lat' dir='ltr'>Sess.</span> <span class='ocrx_word' id='word_1_259' title='bbox 462 3390 494 3439; x_wconf 89' lang='lat' dir='ltr'>vi.</span> <span class='ocrx_word' id='word_1_260' title='bbox 506 3406 557 3455; x_wconf 79' lang='lat' dir='ltr'>cup.</span> <span class='ocrx_word' id='word_1_261' title='bbox 570 3394 593 3438; x_wconf 85' lang='grc'>8.</span> 
     </span>
    </p>

    <p class='ocr_par' dir='ltr' id='par_1_6' title="bbox 153 3476 357 3543">
     <span class='ocr_line' id='line_1_29' title="bbox 153 3476 357 3543; baseline -0.01 -18"><span class='ocrx_word' id='word_1_262' title='bbox 153 3481 195 3543; x_wconf 75' lang='grc'>(2)</span> <span class='ocrx_word' id='word_1_263' title='bbox 215 3477 249 3525; x_wconf 91' lang='lat' dir='ltr'>Ib.</span> <span class='ocrx_word' id='word_1_264' title='bbox 261 3492 313 3540; x_wconf 78' lang='lat' dir='ltr'>cap.</span> <span class='ocrx_word' id='word_1_265' title='bbox 326 3476 357 3523; x_wconf 88' lang='lat' dir='ltr'>vi.</span> 
     </span>
    </p>

    <p class='ocr_par' dir='ltr' id='par_1_7' title="bbox 126 3551 1314 3702">
     <span class='ocr_line' id='line_1_30' title="bbox 154 3551 1314 3627; baseline -0.003 -17"><span class='ocrx_word' id='word_1_266' title='bbox 154 3565 195 3627; x_wconf 83' lang='grc'>(3)</span> <span class='ocrx_word' id='word_1_267' title='bbox 214 3561 262 3610; x_wconf 92' lang='lat' dir='ltr'>Cit.</span> <span class='ocrx_word' id='word_1_268' title='bbox 274 3577 288 3609; x_wconf 86' lang='lat' dir='ltr'>s</span> <span class='ocrx_word' id='word_1_269' title='bbox 299 3560 337 3609; x_wconf 83' lang='lat' dir='ltr'>lo.</span> <span class='ocrx_word' id='word_1_270' title='bbox 348 3559 454 3621; x_wconf 75' lang='lat' dir='ltr'>Georgio</span> <span class='ocrx_word' id='word_1_271' title='bbox 467 3559 583 3609; x_wconf 85' lang='lat' dir='ltr'>Wslchio</span> <span class='ocrx_word' id='word_1_272' title='bbox 594 3560 620 3609; x_wconf 93' lang='lat' dir='ltr'>in</span> <span class='ocrx_word' id='word_1_273' title='bbox 632 3558 718 3609; x_wconf 86' lang='lat' dir='ltr'>introd.</span> <span class='ocrx_word' id='word_1_274' title='bbox 729 3559 761 3607; x_wconf 83' lang='lat' dir='ltr'>cd</span> <span class='ocrx_word' id='word_1_275' title='bbox 779 3559 852 3607; x_wconf 89' lang='lat' dir='ltr'>libros</span> <span class='ocrx_word' id='word_1_276' title='bbox 863 3556 1016 3621; x_wconf 73' lang='lat' dir='ltr'>symbolicos</span> <span class='ocrx_word' id='word_1_277' title='bbox 1033 3551 1180 3604; x_wconf 76' lang='lat' dir='ltr'>Lutherenae</span> <span class='ocrx_word' id='word_1_278' title='bbox 1197 3555 1314 3606; x_wconf 77' lang='lat' dir='ltr'>Ecclesie</span> 
     </span>
     <span class='ocr_line' id='line_1_31' title="bbox 126 3644 636 3702; baseline -0.014 -3"><span class='ocrx_word' id='word_1_279' title='bbox 126 3652 141 3699; x_wconf 90' lang='lat' dir='ltr'>l.</span> <span class='ocrx_word' id='word_1_280' title='bbox 150 3650 166 3697; x_wconf 90' lang='lat' dir='ltr'>i.</span> <span class='ocrx_word' id='word_1_281' title='bbox 178 3665 198 3697; x_wconf 91' lang='lat' dir='ltr'>c.</span> <span class='ocrx_word' id='word_1_282' title='bbox 210 3663 233 3693; x_wconf 86' lang='lat' dir='ltr'>v.</span> <span class='ocrx_word' id='word_1_283' title='bbox 245 3646 275 3694; x_wconf 90' lang='lat' dir='ltr'>de</span> <span class='ocrx_word' id='word_1_284' title='bbox 286 3645 392 3694; x_wconf 75' lang='lat' dir='ltr'>articulis</span> <span class='ocrx_word' id='word_1_285' title='bbox 404 3644 563 3693; x_wconf 82' lang='lat' dir='ltr'>smslcsldicis</span> <span class='ocrx_word' id='word_1_286' title='bbox 576 3648 589 3702; x_wconf 67' lang='grc' dir='ltr'>ς</span> <span class='ocrx_word' id='word_1_287' title='bbox 602 3645 636 3692; x_wconf 86' lang='lat' dir='ltr'>xi.</span> 
     </span>
    </p>

    <p class='ocr_par' dir='ltr' id='par_1_8' title="bbox 154 3721 1319 3795">
     <span class='ocr_line' id='line_1_32' title="bbox 154 3721 1319 3795; baseline -0.005 -17"><span class='ocrx_word' id='word_1_288' title='bbox 154 3733 195 3795; x_wconf 84' lang='lat'>(4)</span> <span class='ocrx_word' id='word_1_289' title='bbox 217 3728 265 3777; x_wconf 85' lang='lat' dir='ltr'>Cit</span> <span class='ocrx_word' id='word_1_290' title='bbox 277 3745 291 3776; x_wconf 87' lang='lat' dir='ltr'>s</span> <span class='ocrx_word' id='word_1_291' title='bbox 303 3728 404 3786; x_wconf 87' lang='lat' dir='ltr'>Mohler,</span> <span class='ocrx_word' id='word_1_292' title='bbox 417 3727 545 3790; x_wconf 79' lang='lat' dir='ltr'>Symbolilr</span> <span class='ocrx_word' id='word_1_293' title='bbox 555 3743 576 3776; x_wconf 88' lang='lat' dir='ltr'>c.</span> <span class='ocrx_word' id='word_1_294' title='bbox 587 3726 621 3775; x_wconf 90' lang='lat' dir='ltr'>iii.</span> <span class='ocrx_word' id='word_1_295' title='bbox 634 3730 647 3784; x_wconf 67' lang='grc' dir='ltr'>ς</span> <span class='ocrx_word' id='word_1_296' title='bbox 661 3741 685 3774; x_wconf 86' lang='lat' dir='ltr'>x.</span> <span class='ocrx_word' id='word_1_297' title='bbox 698 3725 771 3774; x_wconf 85' lang='lat' dir='ltr'>“sttllt</span> <span class='ocrx_word' id='word_1_298' title='bbox 782 3721 976 3778; x_wconf 84' lang='lat' dir='ltr'>eberdieLehre,</span> <span class='ocrx_word' id='word_1_299' title='bbox 984 3721 1190 3771; x_wconf 85' lang='lat' dir='ltr'>soistesmituns</span> <span class='ocrx_word' id='word_1_300' title='bbox 1199 3739 1244 3784; x_wconf 80' lang='lat' dir='ltr'>gar</span> <span class='ocrx_word' id='word_1_301' title='bbox 1253 3723 1319 3773; x_wconf 84' lang='lat' dir='ltr'>sus.&#39;’</span> 
     </span>
    </p>

    <p class='ocr_par' dir='ltr' id='par_1_9' title="bbox 155 3807 1320 3880">
     <span class='ocr_line' id='line_1_33' title="bbox 155 3807 1320 3880; baseline -0.003 -18"><span class='ocrx_word' id='word_1_302' title='bbox 155 3817 197 3880; x_wconf 84' lang='lat'>(5)</span> <span class='ocrx_word' id='word_1_303' title='bbox 217 3820 231 3843; x_wconf 86' lang='lat'>“</span> <span class='ocrx_word' id='word_1_304' title='bbox 240 3813 318 3862; x_wconf 83' lang='lat' dir='ltr'>Pecce</span> <span class='ocrx_word' id='word_1_305' title='bbox 329 3814 427 3870; x_wconf 83' lang='lat' dir='ltr'>sortiter,</span> <span class='ocrx_word' id='word_1_306' title='bbox 439 3813 482 3861; x_wconf 90' lang='lat' dir='ltr'>sed</span> <span class='ocrx_word' id='word_1_307' title='bbox 492 3812 578 3861; x_wconf 80' lang='lat' dir='ltr'>fortius</span> <span class='ocrx_word' id='word_1_308' title='bbox 589 3810 662 3872; x_wconf 87' lang='lat' dir='ltr'>fide‚”</span> <span class='ocrx_word' id='word_1_309' title='bbox 674 3811 769 3875; x_wconf 88' lang='lat' dir='ltr'>scripsit</span> <span class='ocrx_word' id='word_1_310' title='bbox 780 3808 903 3858; x_wconf 85' lang='lat' dir='ltr'>Luthcrus</span> <span class='ocrx_word' id='word_1_311' title='bbox 914 3807 945 3856; x_wconf 84' lang='lat' dir='ltr'>sd</span> <span class='ocrx_word' id='word_1_312' title='bbox 957 3807 1156 3858; x_wconf 83' lang='lat' dir='ltr'>Melenohtonem</span> <span class='ocrx_word' id='word_1_313' title='bbox 1169 3816 1185 3857; x_wconf 81' lang='lat' dir='ltr'>t</span> <span class='ocrx_word' id='word_1_314' title='bbox 1198 3809 1214 3857; x_wconf 82' lang='lat' dir='ltr'>i.</span> <span class='ocrx_word' id='word_1_315' title='bbox 1227 3824 1266 3873; x_wconf 88' lang='lat' dir='ltr'>ep.</span> <span class='ocrx_word' id='word_1_316' title='bbox 1283 3809 1320 3858; x_wconf 86' lang='lat' dir='ltr'>ed.</span> 
     </span>
    </p>
   </div>
   <div class='ocr_carea' id='block_1_5' title="bbox 120 3895 1324 4050">
    <p class='ocr_par' dir='ltr' id='par_1_10' title="bbox 120 3895 1324 4050">
     <span class='ocr_line' id='line_1_34' title="bbox 120 3895 397 3962; baseline -0.018 -13"><span class='ocrx_word' id='word_1_317' title='bbox 120 3897 220 3960; x_wconf 81' lang='lat' dir='ltr'>Georgii</span> <span class='ocrx_word' id='word_1_318' title='bbox 232 3895 292 3946; x_wconf 77' lang='lat' dir='ltr'>Cel.</span> <span class='ocrx_word' id='word_1_319' title='bbox 304 3913 327 3962; x_wconf 88' lang='lat' dir='ltr'>p.</span> <span class='ocrx_word' id='word_1_320' title='bbox 340 3899 397 3945; x_wconf 78' lang='lat'>345.</span> 
     </span>
     <span class='ocr_line' id='line_1_35' title="bbox 157 3973 1324 4050; baseline -0.008 -17"><span class='ocrx_word' id='word_1_321' title='bbox 157 3985 199 4050; x_wconf 86' lang='grc'>(6)</span> <span class='ocrx_word' id='word_1_322' title='bbox 219 3984 272 4032; x_wconf 81' lang='lat' dir='ltr'>Art</span> <span class='ocrx_word' id='word_1_323' title='bbox 284 3982 317 4031; x_wconf 87' lang='lat' dir='ltr'>xi.</span> <span class='ocrx_word' id='word_1_324' title='bbox 334 3989 349 4012; x_wconf 75' lang='lat'>‘⁶</span> <span class='ocrx_word' id='word_1_325' title='bbox 358 3981 427 4030; x_wconf 70' lang='lat' dir='ltr'>unat</span> <span class='ocrx_word' id='word_1_326' title='bbox 436 3996 474 4029; x_wconf 81' lang='lat' dir='ltr'>we</span> <span class='ocrx_word' id='word_1_327' title='bbox 486 3997 525 4030; x_wconf 88' lang='lat' dir='ltr'>ere</span> <span class='ocrx_word' id='word_1_328' title='bbox 538 3979 647 4046; x_wconf 86' lang='lat' dir='ltr'>justified</span> <span class='ocrx_word' id='word_1_329' title='bbox 659 3981 691 4042; x_wconf 84' lang='lat' dir='ltr'>by</span> <span class='ocrx_word' id='word_1_330' title='bbox 703 3977 763 4028; x_wconf 79' lang='lat' dir='ltr'>t‘sith</span> <span class='ocrx_word' id='word_1_331' title='bbox 775 3978 842 4041; x_wconf 78' lang='lat' dir='ltr'>only,</span> <span class='ocrx_word' id='word_1_332' title='bbox 853 3977 874 4025; x_wconf 88' lang='lat' dir='ltr'>is</span> <span class='ocrx_word' id='word_1_333' title='bbox 886 3980 973 4024; x_wconf 78' lang='lat' dir='ltr'>ernost</span> <span class='ocrx_word' id='word_1_334' title='bbox 984 3973 1132 4024; x_wconf 86' lang='lat' dir='ltr'>wholesome</span> <span class='ocrx_word' id='word_1_335' title='bbox 1148 3975 1265 4038; x_wconf 83' lang='lat' dir='ltr'>doctrine,</span> <span class='ocrx_word' id='word_1_336' title='bbox 1275 3976 1324 4024; x_wconf 82' lang='lat' dir='ltr'>und</span> 
     </span>
    </p>
   </div>
   <div class='ocr_carea' id='block_1_6' title="bbox 118 4059 1330 4469">
    <p class='ocr_par' dir='ltr' id='par_1_11' title="bbox 118 4059 1326 4219">
     <span class='ocr_line' id='line_1_36' title="bbox 120 4059 1326 4131; baseline -0.006 -16"><span class='ocrx_word' id='word_1_337' title='bbox 120 4085 178 4131; x_wconf 81' lang='lat' dir='ltr'>very</span> <span class='ocrx_word' id='word_1_338' title='bbox 189 4067 235 4116; x_wconf 88' lang='lat' dir='ltr'>l&#39;ull</span> <span class='ocrx_word' id='word_1_339' title='bbox 246 4066 274 4115; x_wconf 84' lang='lat' dir='ltr'>of</span> <span class='ocrx_word' id='word_1_340' title='bbox 287 4063 461 4114; x_wconf 77' lang='lat' dir='ltr'>consolation.’⁸</span> <span class='ocrx_word' id='word_1_341' title='bbox 480 4064 532 4112; x_wconf 75' lang='lat' dir='ltr'>Art.</span> <span class='ocrx_word' id='word_1_342' title='bbox 544 4064 587 4112; x_wconf 87' lang='lat' dir='ltr'>xii.</span> <span class='ocrx_word' id='word_1_343' title='bbox 604 4069 620 4093; x_wconf 87' lang='lat'>“</span> <span class='ocrx_word' id='word_1_344' title='bbox 630 4062 700 4111; x_wconf 90' lang='lat' dir='ltr'>Good</span> <span class='ocrx_word' id='word_1_345' title='bbox 713 4063 792 4110; x_wconf 86' lang='lat' dir='ltr'>worhs</span> <span class='ocrx_word' id='word_1_346' title='bbox 804 4076 844 4109; x_wconf 85' lang='lat' dir='ltr'>ure</span> <span class='ocrx_word' id='word_1_347' title='bbox 855 4060 897 4109; x_wconf 85' lang='lat' dir='ltr'>the</span> <span class='ocrx_word' id='word_1_348' title='bbox 908 4059 979 4108; x_wconf 81' lang='lat' dir='ltr'>fruits</span> <span class='ocrx_word' id='word_1_349' title='bbox 990 4059 1018 4108; x_wconf 84' lang='lat' dir='ltr'>of</span> <span class='ocrx_word' id='word_1_350' title='bbox 1030 4059 1099 4119; x_wconf 77' lang='lat' dir='ltr'>seith,</span> <span class='ocrx_word' id='word_1_351' title='bbox 1111 4060 1158 4109; x_wconf 83' lang='lat' dir='ltr'>und</span> <span class='ocrx_word' id='word_1_352' title='bbox 1170 4060 1254 4109; x_wconf 85' lang='lat' dir='ltr'>follow</span> <span class='ocrx_word' id='word_1_353' title='bbox 1265 4062 1326 4110; x_wconf 79' lang='lat' dir='ltr'>ulter</span> 
     </span>
     <span class='ocr_line' id='line_1_37' title="bbox 118 4148 826 4219; baseline -0.011 -17"><span class='ocrx_word' id='word_1_354' title='bbox 118 4148 302 4218; x_wconf 54' lang='lat' dir='ltr'>justificatior?</span> <span class='ocrx_word' id='word_1_355' title='bbox 825 4216 826 4219; x_wconf 7' lang='grc' dir='ltr'><strong>Ἴ</strong></span> 
     </span>
    </p>

    <p class='ocr_par' dir='ltr' id='par_1_12' title="bbox 122 4227 1330 4469">
     <span class='ocr_line' id='line_1_38' title="bbox 159 4227 1329 4302; baseline -0.005 -17"><span class='ocrx_word' id='word_1_356' title='bbox 159 4240 201 4302; x_wconf 86' lang='grc'>(7)</span> <span class='ocrx_word' id='word_1_357' title='bbox 220 4244 235 4266; x_wconf 88' lang='grc'>“</span> <span class='ocrx_word' id='word_1_358' title='bbox 243 4233 324 4292; x_wconf 85' lang='lat' dir='ltr'>Fsith,</span> <span class='ocrx_word' id='word_1_359' title='bbox 336 4232 393 4282; x_wconf 89' lang='lat' dir='ltr'>thus</span> <span class='ocrx_word' id='word_1_360' title='bbox 405 4230 587 4297; x_wconf 73' lang='lat' dir='ltr'>receivingsnd</span> <span class='ocrx_word' id='word_1_361' title='bbox 597 4230 690 4290; x_wconf 77' lang='lat' dir='ltr'>resting</span> <span class='ocrx_word' id='word_1_362' title='bbox 701 4245 733 4276; x_wconf 94' lang='lat' dir='ltr'>on</span> <span class='ocrx_word' id='word_1_363' title='bbox 744 4228 828 4278; x_wconf 82' lang='lat' dir='ltr'>Christ</span> <span class='ocrx_word' id='word_1_364' title='bbox 840 4229 887 4278; x_wconf 83' lang='lat' dir='ltr'>end</span> <span class='ocrx_word' id='word_1_365' title='bbox 905 4228 944 4277; x_wconf 90' lang='lat' dir='ltr'>his</span> <span class='ocrx_word' id='word_1_366' title='bbox 960 4227 1148 4290; x_wconf 83' lang='lat' dir='ltr'>righteousuess,</span> <span class='ocrx_word' id='word_1_367' title='bbox 1159 4227 1181 4276; x_wconf 93' lang='lat' dir='ltr'>is</span> <span class='ocrx_word' id='word_1_368' title='bbox 1197 4227 1240 4276; x_wconf 90' lang='lat' dir='ltr'>the</span> <span class='ocrx_word' id='word_1_369' title='bbox 1257 4229 1329 4279; x_wconf 78' lang='lat' dir='ltr'>alone</span> 
     </span>
     <span class='ocr_line' id='line_1_39' title="bbox 122 4310 1329 4380; baseline -0.008 -10"><span class='ocrx_word' id='word_1_370' title='bbox 122 4323 270 4371; x_wconf 89' lang='lat' dir='ltr'>instrument</span> <span class='ocrx_word' id='word_1_371' title='bbox 280 4318 308 4366; x_wconf 83' lang='lat' dir='ltr'>os</span> <span class='ocrx_word' id='word_1_372' title='bbox 319 4314 495 4380; x_wconf 75' lang='lat' dir='ltr'>justificeti0n3</span> <span class='ocrx_word' id='word_1_373' title='bbox 506 4321 548 4377; x_wconf 84' lang='lat' dir='ltr'>yet</span> <span class='ocrx_word' id='word_1_374' title='bbox 558 4313 577 4361; x_wconf 90' lang='lat' dir='ltr'>it</span> <span class='ocrx_word' id='word_1_375' title='bbox 589 4313 610 4361; x_wconf 87' lang='lat' dir='ltr'>is</span> <span class='ocrx_word' id='word_1_376' title='bbox 626 4321 671 4361; x_wconf 91' lang='lat' dir='ltr'>not</span> <span class='ocrx_word' id='word_1_377' title='bbox 682 4313 752 4361; x_wconf 79' lang='lat' dir='ltr'>alone</span> <span class='ocrx_word' id='word_1_378' title='bbox 770 4313 797 4361; x_wconf 90' lang='lat' dir='ltr'>in</span> <span class='ocrx_word' id='word_1_379' title='bbox 809 4312 850 4361; x_wconf 92' lang='lat' dir='ltr'>the</span> <span class='ocrx_word' id='word_1_380' title='bbox 868 4329 956 4378; x_wconf 88' lang='lat' dir='ltr'>person</span> <span class='ocrx_word' id='word_1_381' title='bbox 970 4310 1087 4376; x_wconf 86' lang='lat' dir='ltr'>justified,</span> <span class='ocrx_word' id='word_1_382' title='bbox 1098 4312 1143 4360; x_wconf 92' lang='lat' dir='ltr'>hut</span> <span class='ocrx_word' id='word_1_383' title='bbox 1159 4311 1178 4360; x_wconf 89' lang='lat' dir='ltr'>it</span> <span class='ocrx_word' id='word_1_384' title='bbox 1189 4310 1278 4360; x_wconf 85' lang='lat' dir='ltr'>isever</span> <span class='ocrx_word' id='word_1_385' title='bbox 1290 4327 1329 4360; x_wconf 84' lang='lat' dir='ltr'>ec·</span> 
     </span>
     <span class='ocr_line' id='line_1_40' title="bbox 124 4395 1330 4469; baseline -0.008 -15"><span class='ocrx_word' id='word_1_386' title='bbox 124 4404 267 4469; x_wconf 81' lang='lat' dir='ltr'>compnnicd</span> <span class='ocrx_word' id='word_1_387' title='bbox 280 4402 339 4450; x_wconf 89' lang='lat' dir='ltr'>with</span> <span class='ocrx_word' id='word_1_388' title='bbox 351 4402 383 4450; x_wconf 83' lang='lat' dir='ltr'>ell</span> <span class='ocrx_word' id='word_1_389' title='bbox 395 4399 464 4448; x_wconf 88' lang='lat' dir='ltr'>other</span> <span class='ocrx_word' id='word_1_390' title='bbox 481 4399 568 4459; x_wconf 76' lang='lat' dir='ltr'>scving</span> <span class='ocrx_word' id='word_1_391' title='bbox 585 4414 675 4460; x_wconf 78' lang='lat' dir='ltr'>greces,</span> <span class='ocrx_word' id='word_1_392' title='bbox 687 4397 735 4447; x_wconf 84' lang='lat' dir='ltr'>end</span> <span class='ocrx_word' id='word_1_393' title='bbox 747 4398 768 4447; x_wconf 85' lang='lat' dir='ltr'>is</span> <span class='ocrx_word' id='word_1_394' title='bbox 779 4414 812 4447; x_wconf 91' lang='lat' dir='ltr'>no</span> <span class='ocrx_word' id='word_1_395' title='bbox 823 4397 884 4446; x_wconf 80' lang='lat' dir='ltr'>dead</span> <span class='ocrx_word' id='word_1_396' title='bbox 901 4397 977 4456; x_wconf 86' lang='lat' dir='ltr'>ssith;</span> <span class='ocrx_word' id='word_1_397' title='bbox 995 4397 1040 4445; x_wconf 90' lang='lat' dir='ltr'>but</span> <span class='ocrx_word' id='word_1_398' title='bbox 1051 4395 1161 4446; x_wconf 81' lang='lat' dir='ltr'>worheth</span> <span class='ocrx_word' id='word_1_399' title='bbox 1171 4396 1204 4459; x_wconf 82' lang='lat' dir='ltr'>by</span> <span class='ocrx_word' id='word_1_400' title='bbox 1215 4395 1330 4445; x_wconf 83' lang='lat' dir='ltr'>love.&#39;’-</span> 
     </span>
    </p>
   </div>
   <div class='ocr_carea' id='block_1_7' title="bbox 124 4484 558 4552">
    <p class='ocr_par' dir='ltr' id='par_1_13' title="bbox 124 4484 558 4552">
     <span class='ocr_line' id='line_1_41' title="bbox 124 4484 558 4552; baseline -0.014 -14"><span class='ocrx_word' id='word_1_401' title='bbox 124 4490 293 4552; x_wconf 82' lang='lat' dir='ltr'>Presbyterien</span> <span class='ocrx_word' id='word_1_402' title='bbox 306 4486 462 4546; x_wconf 71' lang='lat' dir='ltr'>Confession,</span> <span class='ocrx_word' id='word_1_403' title='bbox 473 4484 512 4535; x_wconf 86' lang='lat' dir='ltr'>cb.</span> <span class='ocrx_word' id='word_1_404' title='bbox 524 4485 558 4533; x_wconf 86' lang='lat' dir='ltr'>xi.</span> 
     </span>
    </p>
   </div>
   <div class='ocr_carea' id='block_1_8' title="bbox 0 0 1372 5018">
    <p class='ocr_par' dir='ltr' id='par_1_14' title="bbox 0 0 1372 5018">
     <span class='ocr_line' id='line_1_42' title="bbox 0 0 1372 5018; baseline 0 0"><span class='ocrx_word' id='word_1_405' title='bbox 0 0 1372 5018; x_wconf 95' lang='lat' dir='ltr'> </span> 
     </span>
    </p>
   </div>
  </div>
 </body>
</html>
