2730 5018
431 250 610 317 omnim
631 253 956 315 ANTE-niomium
1238 248 1295 309 12⁰

82 406 183 477 dendi-
191 415 393 477 necessitatem
406 411 593 475 hebenum
633 411 760 490 Objectio
782 420 875 470 sutem
897 411 969 471 locis
988 410 1112 487 loquitur
1127 413 1295 475 dotationis
1341 458 1348 473 .

84 508 200 573 diviuae
218 511 384 572 hominibus
402 508 775 583 communicatione,=quam
795 528 812 566 a
833 508 929 567 Verbo
953 509 1029 586 ipso,
1054 508 1129 577 Deo,
1145 514 1294 586 provenire

70 650 75 661 .
87 604 176 665 dicit:
200 605 374 665 “Similiter
386 605 472 683 igitur
484 604 572 678 aliqui
591 603 761 681 participant
775 601 892 677 quidem
912 603 1004 681 ipsius
1016 603 1098 676 ιεγε”
1114 603 1160 683 (id
1173 613 1226 672 est,
1249 623 1306 664 ror

55 774 59 779 ,
90 700 182 761 donis
195 700 260 761 sice
273 700 446 778 nemesin)
461 709 480 737 ‘⁴
490 700 541 773 qui
555 710 600 759 est
612 700 643 757 in
663 698 815 776 principio,
831 699 881 773 qoi
901 709 946 757 est
959 698 1034 777 apud
1055 699 1162 769 Deum,
1178 701 1228 772 qui
1249 711 1294 758 εει

50 866 53 871 ,
95 799 187 869 Deus,
202 799 280 859 velut
293 797 398 867 Oseas,
413 806 442 855 et
455 796 607 865 Jersmiss,
618 807 648 854 et
660 796 760 867 Isaias,
777 806 806 854 et
818 797 910 871 siquis
924 797 998 855 alius
1010 797 1294 874 seipsumexhiboit,

94 907 123 955 ut
134 913 230 955 sermo
251 895 384 963 Domini,
398 894 443 952 rel
458 894 561 952 Sermo
582 893 617 951 ad
638 912 669 951 se
689 894 782 961 tieret:
797 894 845 951 alii
867 892 933 952 verb
955 895 1003 967 qui
1025 894 1098 952 nihil
1118 894 1222 963 sciunt,
1237 895 1294 952 nisi

97 993 192 1053 lesum
205 992 358 1073 Christum
372 991 490 1050 othone
503 990 684 1058 crucifixum,
699 990 896 1049 existimantes
910 1010 942 1048 se
956 991 1061 1050 habere
1075 991 1205 1068 amplius
1219 992 1295 1050 nihil

98 1090 129 1149 de
140 1076 286 1158 sermone,
298 1089 357 1147 nisi
370 1086 448 1161 quod
461 1105 527 1145 caro
541 1086 631 1144 lactus
645 1095 704 1143 est:
727 1085 890 1163 cujusmodi
901 1097 952 1145 et·
959 1087 1109 1146 multitudo
1119 1105 1230 1156 eorum,
1244 1088 1295 1161 qui

101 1184 204 1245 medere
218 1183 401 1262 putantur:”⁹
420 1182 494 1241 Haec
507 1181 565 1240 dici
577 1202 635 1241 non
649 1181 780 1241 videntur
791 1182 826 1240 de
838 1184 1007 1259 negantibus
1022 1182 1293 1250 Christumsseum,

101 1283 143 1343 sed
154 1282 189 1341 de
203 1283 241 1341 iis
255 1283 307 1356 qui
321 1281 358 1340 ad
377 1282 507 1343 altiorem
531 1281 803 1357 contemplationem
824 1281 926 1356 ipsius,
942 1290 1082 1353 quatenus
1104 1280 1142 1338 in
1155 1280 1240 1339 Patre
1261 1282 1296 1339 ab

105 1391 196 1438 sumo
217 1378 329 1446 existit,
343 1378 398 1435 six
419 1385 580 1452 assurgunt,
603 1393 665 1448 quae
689 1375 719 1433 in
745 1374 894 1434 hominum
915 1375 1034 1434 salutem
1060 1375 1127 1434 lecit
1150 1377 1294 1453 precipue

105 1474 278 1535 meditantes:
294 1475 372 1547 quod
382 1472 417 1533 dc
431 1471 611 1532 multitudiue
625 1473 752 1531 fidelium
765 1472 845 1531 omni
856 1472 1053 1549 temporedisi
1066 1481 1170 1549 potest.
1192 1473 1293 1551 Longe

107 1572 175 1632 duur
187 1570 317 1647 cognitio
330 1570 380 1629 illa
399 1571 540 1647 vulgaris,
548 1577 580 1627 ut
603 1568 642 1626 ita
661 1568 765 1637 dicam,
780 1588 797 1626 a
817 1569 983 1627 sublimiori
997 1568 1068 1627 fidei
1082 1569 1191 1637 notitia,
1206 1587 1294 1642 quam

108 1680 168 1729 ntes
181 1666 354 1736 habuerunt,
369 1667 537 1731 hominesve
551 1665 604 1724 alii-
620 1664 756 1723 divinitus
771 1664 866 1723 afflati.
908 1664 1015 1739 Liquet
1035 1664 1191 1743 origenem
1206 1667 1291 1724 verba

107 1762 171 1825 Pauli
183 1780 243 1839 pre:
258 1762 351 1821 oculis
366 1761 576 1835 habuisse,-qui
587 1778 619 1818 se
632 1760 705 1818 nihil
716 1760 789 1817 seire
799 1759 940 1836 judicavit
950 1760 1116 1820 nisiJesum
1128 1760 1292 1830 Christum,
1304 1782 1320 1799 ·

108 1860 202 1919 stbuuc
210 1858 383 1917 crucifixum
393 1863 418 1928 :³
431 1857 483 1917 sed
496 1856 626 1917 altiorem
639 1854 776 1932 deinceps
790 1857 920 1914 notitiam
935 1855 1083 1933 explicuit:
1107 1865 1127 1893 ¹⁶
1139 1856 1216 1915 Etsi
1227 1877 1294 1935 cog·

107 1952 221 2014 novimus
236 1951 398 2012 secundum
412 1970 526 2011 carnem
541 1950 709 2019 Christum:
731 1949 783 2008 sed
797 1969 874 2008 nune
883 1951 946 2026 jam
960 1968 1019 2009 non
1032 1950 1214 2009 norimus.”‘

43 2118 46 2127 Ι
135 2052 199 2109 178.
220 2048 290 2108 Alio
303 2049 368 2108 loco
382 2048 524 2126 Origenes
538 2046 574 2106 ds
587 2047 638 2106 illo
652 2048 702 2122 qui
715 2047 821 2105 loanni
841 2065 917 2120 equo
937 2048 1067 2105 invectus
1081 2048 1160 2106 risus
1178 2058 1224 2107 εει
1236 2049 1294 2108 dis·

105 2144 166 2213 serit,
179 2161 269 2217 quem
283 2144 414 2205 Verbum
434 2143 492 2202 Dei
504 2161 571 2202 osse
590 2153 718 2201 constat:
742 2151 762 2179 ‘⁵
772 2142 868 2200 Verar
889 2150 933 2200 εει
946 2142 1031 2201 etiam
1045 2142 1081 2201 sd
1101 2143 1290 2208 differentiam

43 2294 45 2301 .
106 2240 206 2307 nubre,
221 2248 252 2298 et
275 2239 386 2317 ligura,
400 2249 430 2298 et
453 2239 606 2317 imaginis:
629 2238 765 2312 quoniam
780 2237 843 2295 talis
864 2248 909 2295 est
927 2236 976 2295 ille
997 2239 1111 2307 Sermo,
1126 2241 1177 2314 qui
1196 2250 1241 2299 εει
1260 2242 1291 2302 in

101 2334 165 2407 eolo,
180 2344 300 2413 aperto:
320 2354 380 2395 non
404 2337 483 2395 enim
507 2336 570 2395 talis
591 2344 635 2393 est
660 2335 763 2393 Sermo
784 2335 935 2403 terrestris,
956 2336 1048 2409 qualis
1068 2336 1201 2407 caelsstis,
1224 2341 1292 2411 quia

101 2432 180 2493 lactus
192 2450 261 2491 earo
273 2451 327 2509 per
338 2432 455 2491 umbras
469 2440 498 2490 et
509 2430 616 2508 figuras
630 2440 659 2488 et
671 2431 812 2507 imagines
825 2431 960 2506 loquitur.
1001 2431 1201 2492 Multitudines
1215 2453 1294 2512 ergo

96 2542 195 2595 corum,
209 2525 261 2599 qui
274 2535 410 2603 putantur
423 2524 549 2594 credere,
566 2527 667 2584 umbra
680 2525 840 2594 Sermonis,
854 2544 912 2585 noo
928 2544 995 2585 vero
1009 2527 1059 2586 illo
1073 2527 1213 2588 Sermone
1227 2529 1291 2588 Dei

94 2620 136 2693 qui
155 2628 198 2677 est
224 2619 256 2679 in
277 2620 348 2679 calo
375 2628 484 2697 aperto,
504 2619 715 2679 erudiuntur.'’³
755 2619 825 2679 Non
847 2620 920 2679 duas
939 2620 1089 2705 distinguit
1112 2622 1288 2682 credentium

94 2715 210 2783 classes:
226 2714 279 2773 ssd
293 2715 552 2775 manifestationem
565 2715 659 2773 Verbi·
668 2733 733 2788 que
745 2716 779 2774 fit
792 2717 821 2774 in
836 2716 918 2785 celo,
933 2717 968 2775 ab
981 2735 1015 2775 ea
1029 2735 1093 2790 qus
1108 2735 1185 2776 nuno
1195 2716 1288 2777 fideli·

95 2812 143 2869 bus
162 2811 204 2880 fir,
218 2809 373 2871 discernit:
395 2812 469 2871 sicut
490 2812 599 2871 Paulus
620 2830 673 2870 nos
700 2831 753 2889 per
773 2813 923 2889 speculum
943 2820 972 2870 et
984 2813 1014 2872 in
1029 2814 1178 2890 enigmate
1192 2814 1290 2872 videre

91 2908 176 2967 docct.
218 2908 365 2969 Caeterum
380 2908 450 2967 alios
463 2907 533 2967 dicit
552 2918 683 2985 oportere
704 2909 864 2968 carnalibus
885 2909 1079 2987 Evangelium
1105 2908 1287 2987 predicando

89 3002 177 3062 dicero
189 3022 245 3063 nos
258 3003 333 3063 nihil
345 3003 420 3062 seire
435 3004 493 3063 nisi
504 3004 607 3063 Jesum
623 3003 782 3073 Christum,
798 3015 826 3063 et
846 3006 931 3063 hune·
941 3005 1110 3064 crucifixum
1122 3025 1130 3075 ;
1152 3005 1230 3079 quod
1250 3005 1290 3064 de

91 3099 201 3161 Christo
218 3100 284 3160 Deo
297 3120 350 3178 pro
363 3102 446 3161 nobis
467 3113 639 3180 passo-certe
653 3101 868 3180 intelligendum
883 3112 945 3161 est:
967 3101 1034 3161 iude
1048 3102 1166 3180 gradum
1181 3102 1293 3163 sacien-

92 3194 153 3255 dum
166 3197 316 3267 animabus
330 3197 393 3274 jam
406 3198 442 3257 in
458 3197 515 3256 Dei
529 3199 694 3276 cognitione
716 3199 940 3274 proficientibus,
955 3198 990 3257 ad
1011 3199 1294 3276 contemplationem·

89 3299 106 3328 ‘⁴
116 3292 200 3351 Verbi
213 3303 242 3351 st
255 3292 324 3351 Filii
341 3292 398 3351 Dei
411 3294 534 3371 regressi
548 3304 615 3371 post
628 3294 851 3353 incarnationem
865 3293 900 3352 ad
914 3293 943 3352 id
957 3293 1035 3368 quod
1049 3308 1109 3354 erat
1128 3296 1159 3354 in
1176 3297 1283 3373 prinei·

88 3389 130 3465 pio
142 3387 218 3465 apud
231 3387 329 3447 Deum
339 3386 371 3445 :”
391 3392 539 3458 mendosius
550 3395 634 3452 aanor
644 3404 743 3461 rstops
752 3392 925 3453 ιπενειθακος
934 3388 984 3445 tino
1001 3405 1046 3446 con
1065 3398 1237 3460 oenomaus,
1247 3391 1285 3460 ἐφ’

86 3486 165 3555 isirin
177 3482 244 3555 dm
255 3505 312 3555 προς
322 3500 366 3540 εον
382 3491 447 3547 βεεν.

126 3574 192 3633 179.
214 3572 358 3632 Omnibus
372 3583 467 3632 autem
481 3591 663 3633 communem
676 3592 741 3633 esse
751 3566 886 3633 lidemde
899 3571 1104 3639 Christo-Deo,
1116 3573 1291 3649 expubliea.

65 3662 73 3679 ’
84 3666 294 3745 predicatione,
307 3678 337 3727 st
357 3667 504 3727 constanti
521 3669 672 3729 traditione
692 3670 844 3739 Ecclesia,
865 3679 989 3737 constat,
1000 3668 1229 3746 Origene'teste:
1251 3669 1289 3728 in·

83 3762 150 3823 libro
163 3764 275 3841 quippe
284 3762 320 3823 dc
327 3762 504 3845 principiis,
510 3774 663 3841 postquam
675 3765 802 3824 dixerat:
825 3775 984 3823 “servetur
995 3763 1062 3824 sord
1074 3765 1288 3825 Ecclesiastico

81 3858 243 3935 predicatio
252 3858 503 3937 persuccessionis
511 3859 642 3919 ordinem
651 3860 686 3919 ab
694 3859 960 3937 Apostolistradita,
970 3869 1098 3933 etusque
1108 3859 1285 3936 adpraesens

110 4032 154 4097 (1)
174 4030 204 4081 ln
216 4030 290 4081 Joan.
300 4038 319 4081 t.
330 4031 410 4082 xxxii.
422 4049 449 4083 n.
459 4032 483 4081 9.
494 4047 518 4097 p.
530 4034 589 4081 506.
600 4030 632 4082 ed
648 4030 724 4082 wire.

108 4119 148 4178 (ι)
166 4116 202 4165 Τ.
213 4115 248 4165 ΙΙ.
259 4116 287 4166 in
296 4115 403 4167 locun.
415 4119 440 4167 8.
450 4132 475 4182 p.
489 4118 545 4165 lus.
562 4115 681 4179 Prtastlsy
693 4115 757 4165 malo
773 4115 868 4166 reddit:
884 4121 900 4147 ‘⁶
909 4113 967 4165 wbo
978 4127 1020 4163 ors
1035 4111 1114 4163 called
1130 4110 1284 4163 christiano?

81 4213 131 4262 per.
142 4204 232 4259 etv.
242 4215 267 4264 p.
278 4202 337 4250 ³52.
347 4217 396 4256 sos
406 4218 579 4267 πικιςευαινοε
589 4199 752 4269 repetemus·
1245 4230 1249 4235 ·

111 4285 156 4350 (3)
177 4284 200 4334 l.
212 4283 270 4336 (lor.
281 4286 307 4337 ii.
318 4291 343 4337 2.
364 4328 367 4334 .

111 4369 158 4434 (4)
177 4369 213 4419 II.
225 4369 284 4420 Gor.
294 4386 319 4421 v.
332 4373 372 4423 lt.

108 4453 156 4518 (n)
175 4453 208 4503 Τ.
220 4454 252 4505 Π.
267 4454 295 4506 in
310 4455 383 4507 Joan.
401 4472 428 4508 n.
443 4459 468 4508 4.
478 4472 504 4524 p.
517 4458 574 4507 147.
609 4455 727 4520 Priestlsy
745 4454 813 4507 haud
833 4460 960 4507 accurate:
986 4447 1190 4503 “tlrsmultitmis
1200 4448 1230 4501 ol
1241 4448 1287 4505 tta

74 4536 218 4589 ronow
