2744 5024
84 1190 259 1310 nnn
269 1191 616 1371 ononim-
662 1193 1185 1317 nonnlmorn
1301 1114 1307 1125 ⁰

416 1593 763 1676 TRAOTATUS
790 1596 861 1677 lv.

554 1862 726 1876 w·-

254 2020 619 2117 nnncmrnns
656 2030 1025 2122 nonnuliis,

554 2260 729 2300 PROOEHIUM·

77 2408 276 2466 Revelationis
291 2409 471 2468 documentis
485 2411 607 2477 statutis,
623 2411 691 2483 quid
706 2411 860 2470 revelatum
875 2412 913 2469 sit
928 2412 991 2488 jam
1004 2411 1129 2470 occurrit
1144 2410 1227 2484 inqui

51 2507 171 2564 endum.
214 2509 260 2565 Ile
284 2508 348 2565 Deo
369 2509 510 2584 imprimis
525 2508 666 2584 egendum
681 2519 735 2574 est,
750 2521 780 2566 ut
795 2518 928 2568 noscamr
940 2507 1011 2580 quid
1030 2508 1066 2567 de
1080 2528 1112 2566 se
1132 2509 1239 2568 revela·

51 2603 122 2668 rerit,
146 2613 299 2674 antequam
323 2606 358 2659 ad
385 2604 449 2679 ejus
474 2623 560 2679 opera
588 2604 794 2680 investiganda,
819 2604 883 2663 luce
910 2602 1011 2662 eodem
1038 2603 1236 2680 praefulgente,

51 2700 267 2774 >regrediemnn
314 2699 478 2776 Tlteologt'a
493 2702 605 2776 proprie
617 2701 719 2758 dicitur
730 2718 825 2758 sermo
837 2699 872 2757 de
884 2698 958 2766 Deo,
971 2701 1101 2771 quemvis
1116 2702 1242 2776 plerum·

51 2813 97 2865 rue
124 2813 159 2850 eo
189 2797 305 2852 nomine
321 2797 504 2872 ,intelligatur
531 2799 567 2852 de
595 2796 680 2852 rebus
708 2795 813 2852 divinis
841 2794 1071 2866 quibuscumque
1095 2804 1239 2857 tractatus.

51 2889 154 2946 Placuit
169 2903 263 2947 autem
282 2911 380 2948 vocem
394 2892 529 2949 strictiori
544 2910 642 2956 seusu,
652 2908 715 2976 “qno
730 2898 758 2946 et
771 2908 788 2946 a
802 2888 955 2946 Veteribus
974 2899 1022 2946 est
1041 2887 1177 2959 adhibita,
1192 2891 1241 2950 llic
1313 2890 1317 2899 '

51 3003 188 3060 usurpare,
204 2986 239 3042 de
256 2986 319 3042 Deo
334 2987 453 3062 ejusque
469 2987 688 3062 perfectionibus
703 3003 865 3042 sermonem
886 2985 1034 3042 institutis.
1077 2984 1123 3042 De
1145 2986 1241 3047 Triui-

51 3082 105 3138 utis
121 3080 265 3158 Mysterio
279 3101 314 3139 eo
328 3085 381 3140 sub
397 3085 512 3141 nomine
526 3103 610 3159 agere
625 3085 740 3150 liceret3
756 3082 806 3139 sed
818 3100 907 3154 quum
919 3101 953 3140 es
965 3101 1028 3155 qun
1038 3082 1074 3141 ad
1090 3083 1241 3148 Christum

51 3179 194 3250 pertinent,
209 3179 245 3236 ad
269 3179 344 3236 illius
367 3182 563 3256 probationem
584 3182 658 3236 scitu
678 3179 737 3236 sint
754 3179 879 3236 maxime
900 3180 1071 3246 necessaria,
1087 3181 1179 3244 risum
1195 3193 1240 3242 est

51 3271 244 3341 differendum,
260 3288 289 3332 ut
309 3276 422 3351 plenius
436 3288 465 3334 et
485 3277 640 3334 accuratius
655 3275 690 3332 de
706 3295 742 3332 eo
756 3274 919 3333 disseratur.
962 3275 1119 3334 Conditum
1135 3296 1152 3335 a
1172 3278 1238 3338 Deo
1312 3328 1314 3334 ,

51 3371 150 3438 nbent,
177 3373 262 3429 Mose
286 3373 416 3438 docente,
442 3374 604 3438 didicimus,
633 3372 753 3444 ideoque
780 3372 815 3428 de
841 3371 939 3429 mundi
964 3373 1075 3448 origine
1100 3371 1238 3434 duximus

51 3467 166 3525 crundo
177 3468 242 3526 loco
253 3468 404 3544 agendum,
420 3468 615 3546 Cosmclcgioe
626 3487 726 3528 vocem
738 3489 754 3525 a
764 3469 874 3526 Grecis
888 3470 1016 3526 mutuati.
1050 3469 1096 3527 De
1108 3469 1237 3538 bomine,

51 3579 134 3620 erum
149 3563 295 3627 dominos
309 3565 377 3624 Deo*
387 3566 552 3632 constituto,
563 3565 666 3623 deinde
681 3565 874 3631 tractabimus,
886 3564 997 3637 utquid
1009 3564 1044 3622 de
1056 3565 1119 3642 ejus
1130 3576 1238 3636 natura,

51 3660 215 3728 onditione,
230 3673 259 3719 et
271 3663 339 3730 line,
354 3664 506 3723 revelatum
522 3664 569 3731 sit,
584 3651 762 3740 pandamust
778 3663 870 3736 qualis
884 3681 901 3720 a
916 3662 1072 3722 Conditore
1089 3663 1237 3740 prodierit,

51 3757 175 3829 equalis
190 3757 326 3834 deinceps
347 3765 399 3816 sua
412 3760 496 3835 culpa
516 3759 606 3817 lactus
622 3760 670 3816 sit.
712 3757 952 3834 Anrlrcpologla
971 3759 1078 3816 idcirco
1093 3778 1240 3838 nuncupe-

51 3853 113 3910 »itur
141 3853 224 3910 tertie
251 3853 336 3930 hujus
364 3865 505 3921 tractatus,
531 3873 618 3928 quem
646 3848 836 3929 aggredimur,
862 3868 938 3927 pars.
985 3850 1240 3931 Pneumalolcgn'n

51 3950 152 4009 :landet
173 3960 332 4020 tractatum,
355 3952 390 4010 de
413 3951 576 4031 Spirilt’bns
598 3951 707 4010 scilicet
726 3967 840 4018 sermo;
862 3947 1032 4010 revelatione
1053 3948 1132 4009 enirn
1145 3950 1240 4012 edocti

51 4065 140 4105 umus
156 4063 221 4103 esse
241 4048 358 4122 spiritns
373 4048 511 4119 celestes,
527 4066 649 4120 quorum
664 4045 745 4104 dotes
760 4055 789 4102 et
809 4045 866 4103 feta
879 4062 966 4103 nosse
980 4053 1102 4123 oportet.
1148 4045 1239 4107 Tiac-

51 4150 139 4201 otum
158 4141 332 4202 Goteralem
345 4145 422 4203 hunc
436 4144 630 4222 designamus,
646 4144 712 4218 quia
726 4143 761 4202 de
775 4144 840 4207 Deo
853 4143 996 4216 rebusque
1010 4145 1111 4225 centis
1126 4145 1239 4219 univer·

51 4240 97 4298 rim
119 4241 242 4317 agimus,
264 4251 296 4297 ut
315 4252 401 4301 totam
425 4243 552 4301 divinam
575 4240 610 4299 de
633 4241 758 4299 bominis
779 4239 869 4299 salute
890 4240 1080 4300 oeconomiam
1100 4240 1237 4321 deinceps

51 4338 218 4397 enucleatius
238 4339 427 4417 explicemus.
469 4339 570 4397 Plures
591 4336 699 4396 idcirco
719 4335 891 4410 questiones
911 4335 947 4394 de
968 4334 1025 4396 Dei
1044 4337 1173 4408 scientia,
1188 4359 1238 4400 vo·

53 4445 159 4505 untete,
173 4447 202 4494 et
214 4437 347 4506 decretis,
361 4456 425 4511 que
439 4438 469 4496 in
484 4447 599 4495 tractatu
615 4435 650 4494 de
664 4434 727 4494 Deo
741 4437 836 4494 solent
848 4437 957 4513 agitari,
968 4435 1098 4509 eonsultd
1111 4442 1237 4518 preteri-

51 4548 118 4602 nus,
132 4551 191 4600 eas,
207 4543 348 4606 quatenus
361 4544 493 4615 oportere
507 4534 602 4593 visum
615 4533 709 4603 suerit,
724 4535 793 4593 alias
809 4533 1016 4612 investigeturi,
1098 4554 1105 4570 ’

162 4629 237 4689 Von.
253 4629 351 4690 11.-1

777 4726 804 4769 rr
