2744 5024
86 250 127 307 aa
457 242 521 304 on
542 240 742 303 saccaro
763 242 961 309 oeternis.
1005 325 1010 331 ,

121 408 200 485 1ΗΜ.
214 402 304 482 neap.
320 401 429 476 Utique
438 398 565 461 ostendit
574 400 731 480 Apostolus
742 398 1283 480 extiassuisqoibnslodaietllthnicl

88 498 234 573 inquinati
240 501 360 568 ineunt,
372 517 446 576 opus
457 516 523 556 esse
536 499 702 567 Salvatorsa
717 498 769 557 sid
778 500 814 557 in
825 500 1185 579 argumentoprogrsssoa
1200 498 1283 563 iliam

87 593 170 654 affert
183 595 321 654 rationem
336 613 373 653 ex
388 612 465 653 noxa
478 595 623 661 omnibus,
638 603 659 631 ⁴⁴
669 595 756 652 etiam
770 595 820 668 qni
834 613 892 654 non
907 606 1097 672 peceavemnt
1106 597 1142 654 in
1154 594 1283 659 similitor

88 689 185 751 dinem
200 692 443 771 prevaricationis
456 689 582 759 Adam,'’
594 692 752 758 communi,
763 690 925 750 deductum.
966 693 1117 767 Quotquot
1130 693 1284 752 manuum

89 804 189 863 poeuas
200 786 280 846 luere
294 787 404 864 peccmi
415 785 546 855 affirmat,
558 804 667 859 eosque
678 804 780 845 omnes
793 795 911 864 meato
922 786 1029 847 idcirco
1039 788 1141 846 teneti.
1162 786 1283 847 Facem

88 883 186 956 utique
209 895 336 950 testatur,
349 901 452 943 omues
475 883 587 941 scilicet
606 901 761 959 peccasset
785 883 879 941 unius
906 882 1010 943 delicto
1034 902 1138 943 omnes
1161 890 1283 941 mortno

87 993 171 1046 esse;
186 977 264 1037 illud
274 980 304 1037 in
319 996 420 1038 omnes
435 995 599 1055 pennense
613 977 745 1035 homines
760 977 789 1035 in
803 976 1082 1036 condemnationem.
1114 978 1171 1035 Vis
1186 994 1283 1036 roem

89 1073 175 1133 toties
188 1076 370 1153 repetitarum
385 1092 420 1132 ea
439 1073 524 1151 plane
538 1082 593 1140 cst,
603 1082 636 1130 nt
646 1090 748 1130 omnes
762 1072 895 1130 homines
916 1088 1053 1149 peccasse
1067 1072 1210 1132 morendi
1222 1073 1283 1132 sint

88 1188 130 1228 es
141 1189 178 1230 eo
189 1172 256 1248 ipso
269 1170 349 1243 quod
362 1169 456 1228 Adam
469 1167 539 1227 illud
552 1186 642 1227 unum
657 1167 793 1226 delictum
808 1167 965 1226 admiserit.
1006 1168 1231 1228 Verbis'ludunt
1242 1186 1283 1243 qu

87 1262 188 1323 dicum
208 1265 381 1342 Apostolum
406 1263 602 1323 difficultatem
624 1264 853 1340 metaphysicam
872 1262 949 1322 haud
971 1263 1118 1333 evolvere,
1130 1272 1161 1322 et
1181 1264 1283 1323 nullm

88 1357 228 1417 theoriam
249 1360 394 1436 praeberc;
416 1358 485 1417 dicit
504 1360 593 1427 enim,
605 1367 635 1418 et
648 1360 761 1427 nemin,
776 1360 937 1434 iterumque
957 1350 1093 1429 inculcet,
1111 1361 1178 1438 ipso
1201 1361 1283 1421 nuic«

88 1451 158 1511 nde
180 1453 284 1515 delicto
304 1471 410 1513 omnes
426 1454 596 1513 constimtos
616 1472 682 1512 esse
706 1463 882 1530 peccatores
896 1472 1019 1527 reosque
1042 1455 1156 1512 mortis.
1193 1453 1234 1512 -Si
1253 1453 1283 1513 da

76 1547 166 1631 sotto
177 1550 338 1618 statuendo,
353 1550 432 1624 qnod
452 1569 554 1609 omnes
568 1550 686 1608 munais
706 1559 855 1626 competes
869 1568 923 1608 sua
943 1551 1027 1627 culpa
1040 1550 1228 1625 deliquerint,
1242 1551 1283 1611 hia

48 1682 52 1693 ·
85 1660 226 1735 ageretur,
240 1667 300 1707 nou
313 1666 387 1726 opus
400 1657 462 1706 erat
474 1647 545 1706 Adae
560 1667 648 1707 unum
662 1656 811 1724 peceatum
826 1649 910 1706 toties
925 1648 955 1705 in
965 1647 1095 1706 medium
1102 1647 1236 1707 differre:
1253 1648 1283 1709 ·S

87 1746 123 1805 de
136 1746 289 1805 occasion
303 1745 414 1822 peccati
427 1754 505 1803 essct
515 1763 624 1811 sermo,
638 1743 824 1802 nondeeraut
837 1744 979 1820 Apostolo
989 1745 1075 1802 verba
1089 1744 1197 1818 quibus
1209 1762 1283 1803 suan

86 1844 247 1923 explicaret
263 1851 400 1913 mentem,
415 1862 482 1902 nam
495 1842 532 1900 de
552 1841 787 1919 concupiscentia
806 1851 906 1918 postea
925 1859 1025 1918 agens,
1041 1838 1111 1898 dicit
1132 1851 1283 1917 peccatur:

87 1941 239 1998 occasione
254 1949 380 2015 accepta,-
395 1957 510 1997 omnem
519 1937 556 1995 in
576 1955 609 1993 se
623 1946 771 2012 operatum
786 1952 852 1993 esse
866 1936 1161 2012 concupiscentiam.¹
1196 1937 1283 2004 ‘Qun

87 2033 123 2093 de
137 2034 305 2100 imitatione,
320 2034 456 2108 pravitate
466 2031 560 2097 totali,
576 2031 621 2087 rel
636 2031 824 2107 imputatione
838 2030 997 2106 Apostolus
1010 2048 1070 2089 non
1084 2031 1234 2104 loquatur,
1249 2033 1283 2091 rii

86 2129 189 2195 obstat,
201 2145 291 2200 quum
305 2125 381 2183 dicat
394 2125 478 2202 plane
489 2125 575 2182 unius
586 2136 704 2200 peccato
714 2143 816 2183 omues
828 2126 962 2184 homines
974 2127 1004 2185 iu
1018 2125 1283 2189 condemnationen

86 2223 201 2279 venisse
211 2241 222 2278 c
240 2217 275 2274 δι’
286 2220 334 2282 ἑνὸς
339 2219 535 2289 παραπτώματος
545 2222 580 2282 εἲς
590 2219 680 2278 »dnm
689 2221 826 2290 ἆυᾶρόκως
837 2243 871 2283 εκ
881 2236 1031 2292 notame-

130 2320 197 2375 126.
224 2313 291 2394 Odj.
307 2319 335 2373 5.
358 2315 514 2392 Apostolus
526 2314 651 2374 dicendo
664 2326 785 2377 mortem
797 2326 860 2374 ante
874 2317 969 2394 legem
981 2317 1136 2377 mosaicam
1152 2337 1283 2397 regnasse

87 2413 174 2472 etiam
188 2412 217 2470 in
232 2428 283 2469 eos
298 2411 347 2483 qui
362 2429 420 2469 non
434 2412 666 2487 peccaverout'in
681 2412 899 2479 similitudinem
919 2414 1165 2489 prevaricationis
1179 2415 1283 2485 Adatm.¹

87 2507 238 2569 manifesti
250 2507 375 2566 ostendit
385 2526 486 2566 omues
501 2517 628 2567 screatu
643 2507 720 2566 haud
734 2510 844 2567 teneri:
866 2528 968 2568 omnes
983 2511 1091 2586 quippe
1112 2521 1179 2569 ante
1192 2512 1283 2590 legen

86 2607 179 2666 damna
200 2606 241 2664 rei
264 2605 429 2663 tenebantur
453 2606 695 2664 obeviotationcm
719 2605 799 2682 legis·
812 2616 940 2675 naturae3
962 2605 1015 2664 sed
1029 2607 1202 2666 illi-tamtum
1218 2609 1283 2669 aua

88 2702 476 2783 peccantiadsimilabantur,
487 2703 536 2776 qui
551 2712 693 2780 praecepta
703 2702 800 2760 divina
814 2704 940 2760 exterius
951 2704 1007 2761 sibi
1017 2703 1085 2761 ‘data
1099 2706 1283 2783 transgredie

87 2802 196 2859 bantur.
238 2800 326 2858 Meus
340 2799 429 2876 igitur·
439 2798 571 2874 Apostoli
579 2807 650 2866 -est;
672 2807 812 2871 quotquot
825 2809 890 2856 ante
910 2799 1005 2876 legem
1027 2799 1185 2859 mosaicam
1199 2802 1283 2860 vixe

87 2908 162 2966 runt,
176 2897 247 2956 Adae
262 2897 522 2973 prevaricationem
535 2894 620 2952 haud
639 2906 709 2952 sunt
724 2896 846 2953 imitati:
869 2905 993 2953 attamen
1013 2897 1045 2954 in
1065 2914 1116 2954 eos
1139 2897 1283 2958 dominata

67 3027 70 3032 -
87 3005 132 3051 est
145 3011 233 3060 mors,
248 3010 312 3062 quae
327 2991 434 3064 peocmi
457 2998 502 3045 est
515 3008 617 3064 poena:
640 3008 708 3066 ergo
723 2992 832 3067 peccati
846 2992 888 3049 rei
902 3002 992 3060 erant,
1006 2992 1044 3050 ob
1057 2992 1153 3070 legem
1174 3005 1283 3054 nature

87 3089 144 3145 lem
159 3086 304 3144 violatam.
1100 3110 1106 3119 =
1208 3130 1211 3135 .

129 3184 197 3238 127.
218 3177 308 3255 Rcsp.
331 3178 400 3236 Nou
413 3196 450 3236 eo
470 3178 528 3236 loci
541 3179 649 3237 laborat
661 3182 818 3257 Apostolus
833 3192 865 3240 ut
884 3183 979 3260 legem
993 3183 1150 3242 naturalem
1170 3194 1283 3254 statuat¹

88 3295 174 3352 quam
188 3274 315 3334 secundo
326 3275 421 3350 capite
439 3276 572 3351 preclare
593 3278 653 3354 jam
669 3277 936 3338 demonstraverat'
975 3280 1085 3340 Omnes
1107 3282 1155 3340 hic
1177 3284 1283 3360 peccati

61 3412 65 3418 ·
86 3392 151 3433 reos
166 3373 244 3439 dicit,
259 3379 356 3447 utpote
372 3373 470 3430 mortis
484 3372 548 3449 lege
557 3373 726 3444 adstrictos;
741 3395 804 3449 quac
820 3376 850 3434 iu
865 3376 998 3436 homiues
1009 3379 1160 3436 universos
1170 3398 1283 3458 semper

86 3471 230 3530 dominata
244 3481 297 3536 est,
313 3470 397 3527 etiam
412 3481 475 3528 ante
491 3469 584 3529 datam
605 3472 710 3549 legem,
733 3474 828 3531 ineos
850 3474 930 3550 ipsos
954 3474 1005 3548 qui
1025 3475 1096 3533 ada
1119 3479 1283 3552 praevarica·

87 3565 286 3625 tionem-nullo
300 3574 431 3623 sucnctu
447 3566 564 3623 lucrant·
577 3568 689 3625 imitati.
731 3567 907 3626 Prosectdnsi
929 3568 965 3626 ad
985 3569 1097 3629 adultos
1117 3590 1172 3629 sua
1187 3573 1283 3633 volun·

86 3673 141 3722 tate
156 3673 306 3738 peccantes
321 3663 406 3719 verba
420 3662 551 3738 Apostoli
566 3664 785 3740 restringantur,
800 3663 915 3723 deficiet
928 3677 1143 3743 argumentum
1152 3669 1233 3742 quod
1245 3689 1283 3730 ex

86 3757 184 3816 mortis
200 3756 408 3814 universalitate
423 3755 458 3813 ad
473 3757 710 3816 universalitatem
726 3761 835 3836 peccati
846 3759 1098 3820 demonstrandam
1107 3762 1283 3842 desumpsit,

86 3871 205 3931 magnus
217 3853 353 3912 enim-est
366 3872 465 3912 eorum
480 3854 530 3928 qui
543 3865 704 3914 anteusum
720 3857 836 3913 rationis
851 3859 1011 3915 moriuntur
1024 3877 1173 3928 numerus,
1190 3865 1240 3934 qui
1253 3881 1283 3920 ea

86 3953 124 4009 in..
130 3949 284 4027 hypothesi
299 3962 416 4025 peccato
430 3950 510 4008 omni
524 3961 659 4008 carerent.
683 3951 763 4027 Ergo
778 3953 824 4010 vel
836 3963 984 4028 peccatum
999 3955 1118 4032 originis
1133 3955 1283 4018 admitten-

86 4049 164 4115 dum,
178 4048 225 4104 vel
243 4048 377 4122 Apostoli
396 4047 601 4105 demonstratio
621 4049 734 4105 infirma
759 4052 941 4126 agnoscenda
960 4055 1025 4111 erit.
1067 4055 1198 4114 Perrone
1219 4069 1283 4134 post

86 4144 223 4203 Toletum
237 4141 407 4217 Apostolum
423 4143 461 4198 ita
474 4142 609 4218 explicat,
625 4152 657 4200 ut
670 4154 819 4218 peccatum
834 4157 899 4205 ante
913 4148 1008 4207 datam
1020 4149 1113 4226 legem
1125 4154 1283 4213 mosaicam

86 4238 160 4296 haud
175 4240 355 4314 imputatum·
370 4236 554 4312 intelligatur,
569 4247 708 4310 quatenus
734 4259 834 4316 poenas
847 4260 919 4315 quas
934 4243 1041 4302 serebat
1062 4245 1112 4304 lex
1136 4247 1184 4305 illa
1208 4249 1283 4308 haud

85 4354 182 4394 secum
204 4336 338 4394 serebat·
356 4332 448 4399 ‚Quod
460 4335 555 4410 igitur
575 4354 652 4393 mors
674 4337 838 4397 hominibus
861 4339 1054 4401 dominaretur
1068 4343 1173 4403 sactum
1188 4356 1234 4404 est
1246 4347 1283 4406 eb

343 4502 385 4570 (1)
399 4501 610 4555 commen.
869 4510 919 4576 (a)
939 4514 1017 4560 nrt.
