2744 5024
436 219 494 282 De
514 221 685 283 SPIRITU
707 221 886 283 sancto.
1208 226 1267 284 lb8

80 374 213 435 roboravit.
256 374 379 444 “Quasi
393 376 547 437 fflmmule
558 378 656 457 ignis'’
671 379 734 437 risa
743 388 797 448 est,
812 379 922 439 sedicet
933 378 1096 441 verosimile
1106 387 1151 437 est
1165 379 1266 439 “elec'-

79 477 138 528 treas
152 469 291 530 scintillas
305 472 383 531 visas
394 491 470 542 esse,
485 492 549 547 qnos
563 474 633 533 elias
645 474 731 532 etiam
745 475 971 553 conspiciuntur,
981 484 1011 533 et
1021 474 1186 535 bominibus
1198 475 1268 535 insi·

77 562 140 633 dere,
153 583 208 623 nec
222 573 319 625 tamen
332 585 425 638 urere,
441 568 581 627 solent.”²

108 662 152 717 tt.
171 658 264 738 Respo.
288 660 397 723 Divina
420 661 537 737 quidem
557 663 659 722 virtute
683 662 785 742 repleti
809 673 876 723 sunt
899 665 1043 742 Apostoli,
1067 664 1177 741 Spiritu
1202 664 1267 740 ipso

78 756 169 815 Sancto
181 756 270 816 corda
284 758 414 837 ipsorum
428 762 596 820 roborante:
618 779 672 819 nec
693 760 759 819 ideo
779 765 866 819 modo
887 761 970 820 locali
991 761 1102 820 animos
1116 761 1267 820 hominum

77 860 193 928 oocnpat,
208 871 264 910 nec
277 854 355 913 enim
368 855 434 914 loco
448 865 578 914 movetur
589 855 634 913 vel
649 856 819 924 continetur,
834 855 885 914 sed
906 857 944 915 ob
956 857 1110 936 specialem
1124 856 1266 915 induxum
1355 876 1359 893 ¹

77 949 161 1027 gratiae
172 967 233 1007 suae
248 960 278 1008 et
291 951 413 1020 virtutis,
427 953 457 1011 in
472 951 604 1011 cordibus
621 953 777 1029 justorum,
792 963 938 1026 tamquam
953 954 984 1012 in
1001 953 1127 1031 templis,
1141 953 1268 1011 babitare
1345 946 1351 959 ’

78 1044 186 1105 dicitnr:
210 1056 230 1082 “
242 1046 404 1117 Nescitis,”
419 1049 463 1108 sic
484 1050 591 1107 Paulus
606 1050 795 1127 interrogabat
815 1048 994 1116 Corinthios,
1017 1061 1037 1087 ‘⁶
1048 1051 1115 1122 quia
1129 1049 1267 1125 templum

78 1138 123 1199 Dei
133 1141 213 1206 estis,
229 1152 259 1199 et
272 1142 396 1220 Spiritus
411 1144 468 1202 Dei
482 1144 589 1205 habitat
600 1145 629 1203 in
640 1145 722 1204 vobis
732 1144 781 1201 l’'¹
802 1147 877 1204 “An
890 1145 1018 1212 nescitis,
1031 1145 1168 1218 quoniam
1178 1162 1268 1203 mern·

35 1258 38 1285 r
77 1236 117 1294 bra
128 1249 220 1295 vestra
240 1239 378 1316 templum
401 1250 469 1298 sunt
490 1241 614 1318 Spiritus
640 1241 737 1300 Sancti
749 1241 791 1299 l’'⁸
832 1243 903 1308 Quae
925 1240 961 1300 de
982 1241 1136 1299 flammulis
1158 1241 1269 1300 Roseu-

79 1333 167 1392 nilller
179 1346 246 1412 post
256 1336 430 1399 Michaelem
442 1336 559 1414 profert,
574 1335 692 1394 ridenda
705 1340 800 1414 potius
812 1348 879 1397 sunt
888 1357 975 1412 quam
987 1336 1158 1396 resellenda:
1180 1337 1269 1396 mani·

61 1428 144 1490 ’lesto
164 1432 244 1490 enim
260 1432 364 1491 tollunt
377 1432 480 1492 divinae
495 1434 629 1512 potentiae
648 1435 817 1493 miraculum
842 1433 919 1509 quod
940 1435 1033 1494 Lucas
1054 1444 1268 1494 commemorat.

81 1525 132 1586 Nec
147 1530 252 1588 mirum
263 1530 470 1591 Rationalistas
484 1531 614 1589 notitiam
635 1531 789 1591 alienarum
814 1532 974 1609 linguarum
995 1531 1143 1608 Apostolis
1166 1549 1269 1609 negare

82 1640 245 1694 mncemam,
260 1637 289 1685 et
299 1635 401 1685 cetera
411 1627 508 1687 omnia
522 1626 625 1685 divinae
640 1627 749 1686 virtutis
764 1628 870 1686 indicia
883 1638 911 1686 et
925 1627 1043 1686 effectus
1058 1628 1119 1686 suis
1133 1628 1269 1704 interpre-

82 1720 218 1780 tationibus
237 1723 268 1780 in
283 1723 393 1782 irritum
408 1724 538 1783 mittere:
560 1722 612 1781 sed
626 1733 741 1800 prestat
761 1725 885 1802 ingenue
899 1732 927 1780 et
940 1734 1035 1800 aperte
1050 1741 1162 1781 sacrum
1181 1723 1271 1799 scrip·

35 1820 38 1827 '
81 1823 157 1879 torem
170 1835 305 1875 accusare
318 1816 471 1877 mendacii.

110 1914 155 1969 44.
181 1911 249 1992 obj.
265 1917 294 1971 6.
318 1914 434 1982 “Quod
459 1915 583 1992 Spiritus
610 1915 731 1973 Sanctus
753 1932 788 1971 ne
810 1912 926 1987 quidem
953 1931 1076 1989 persona
1089 1912 1208 1970 omnino
1222 1912 1270 1980 sit,

84 2016 169 2080 preter
182 2008 239 2065 alia
258 2007 438 2078 documenta,
461 2010 507 2068 rel
521 2029 558 2068 ex
573 2029 608 2068 eo
623 2009 692 2067 satis
712 2008 888 2086 intelligitur,
910 2006 987 2082 quod
1010 2007 1116 2080 alioqui
1138 2007 1272 2066 Christus

85 2100 194 2180 Spiritus
217 2105 317 2163 Sancti
331 2106 433 2175 Filius,
449 2117 478 2165 et
491 2107 615 2185 Spiritus
632 2104 753 2166 Sanctus
769 2106 880 2164 Christi
894 2107 979 2164 Pater
990 2104 1095 2164 soret.'’
1136 2104 1180 2164 Ita
1191 2104 1273 2164 Wol-

86 2201 207 2277 rogerius
223 2213 289 2278 post
304 2202 454 2261 Orellinm.

113 2301 158 2354 45.
179 2295 271 2375 Reop.
293 2297 417 2375 Spiritus
430 2299 623 2378 Sanctusnon
635 2307 678 2356 est
689 2297 826 2356 dicendus
836 2299 921 2357 Pater
932 2297 1052 2367 Christi,
1066 2297 1198 2371 quamvis
1210 2297 1272 2375 ejus

86 2405 156 2466 opera
168 2390 305 2451 Christus
322 2402 477 2470 conceptus
492 2394 539 2451 sit.
580 2394 673 2452 Patris
696 2394 848 2471 appellatio
871 2393 1000 2471 designat
1020 2412 1086 2452 eum
1101 2395 1151 2468 qui
1171 2411 1207 2450 ex
1222 2410 1274 2451 sua

87 2487 227 2546 substantia
241 2489 329 2547 aliurn
350 2489 475 2547 similem
490 2489 544 2547 sibi
566 2490 675 2566 gignit:
698 2489 774 2564 quod
789 2489 893 2548 divine
915 2491 1039 2568 Spiritus
1055 2490 1154 2548 Sancti
1174 2507 1275 2566 opera·

88 2580 152 2652 tioni,
168 2601 225 2659 qua
245 2603 350 2661 corpus
373 2584 483 2643 Christi
505 2585 656 2644 formatum
679 2597 723 2642 est
743 2587 771 2643 in
787 2587 915 2662 Virginis
936 2597 1028 2651 utero,
1049 2604 1108 2643 non
1129 2585 1273 2643 convenit.

89 2674 146 2737 Hac
164 2681 281 2754 quidem
297 2682 384 2740 tribus
399 2683 529 2758 personis
544 2683 706 2739 communis
720 2681 783 2748 fuit,
799 2680 848 2737 sed
864 2681 983 2756 Spiritui
999 2682 1104 2737 Sancto
1117 2679 1275 2755 praesertim

90 2773 223 2854 adscripta,
239 2795 275 2835 eo
289 2777 367 2849 quud
380 2778 492 2835 bonitas
507 2787 536 2835 et
549 2779 694 2843 sanctitas,
710 2795 772 2848 qnae
787 2785 1006 2843 consueverunt,
1022 2774 1139 2851 speciali
1154 2771 1275 2846 quadarn

92 2872 191 2942 mione,
207 2873 235 2930 ei
250 2873 345 2939 tribui,
366 2873 396 2931 in
411 2892 444 2932 ea
457 2873 622 2950 effulgeant.
666 2872 736 2930 Non
750 2870 815 2928 ideo
830 2872 916 2929 Pater
929 2880 1117 2946 nuncupatur,
1138 2868 1215 2944 quod
1236 2867 1277 2925 di·

91 2965 175 3026 mirus
186 2952 343 3046 conceptus
354 2969 392 3027 sit
401 2968 545 3037 Christus;
558 2969 608 3026 sed
624 2967 702 3041 quod
714 2987 752 3027 ex
763 2978 843 3027 utero
855 2980 919 3026 ante
930 2966 1080 3025 luciferum
1092 2983 1157 3024 enm
1171 2982 1277 3042 genue-

91 3060 169 3130 riter
183 3065 230 3123 sui
244 3064 411 3124 substantia.
454 3066 519 3124 Nec
533 3064 667 3123 Christus
693 3065 799 3122 idcirco
821 3063 912 3154 Filius
934 3072 978 3120 est
999 3061 1066 3131 Dei,
1088 3061 1164 3136 qnod
1179 3051 1288 3119 divina'

92 3156 127 3216 illa
138 3161 259 3238 Spiritus
275 3161 374 3219 Sancti
397 3162 561 3238 operatione
582 3173 738 3239 conceptus
753 3162 799 3230 sit,
822 3161 873 3220 sed
894 3162 930 3220 ob
950 3160 1043 3238 ipsam
1064 3161 1277 3237 generationem

95 3265 210 3316 aternam
226 3257 326 3325 Verbi,
352 3257 429 3332 quod
454 3257 608 3323 humanam
633 3270 760 3316 naturam
783 3258 948 3336 assumpsit.
991 3257 1087 3315 ¹Verba
1101 3256 1195 3334 angeli
1215 3257 1277 3333 jam

93 3355 252 3414 ostendimus
266 3373 330 3414 eam
345 3355 474 3431 accipere
490 3354 722 3430 explicationem,
738 3376 793 3429 qna
805 3356 939 3414 Christus
952 3355 1043 3413 Filius
1055 3355 1111 3413 Dei
1123 3353 1277 3432 predican-

93 3445 134 3506 dus
145 3453 214 3510 loret
228 3454 265 3511 ob
281 3452 418 3510 unionem
432 3452 510 3508 illam
525 3451 753 3531 hypostaticam.
795 3451 894 3510 Liceat
907 3453 953 3509 hic
969 3451 1091 3527 adjicere
1102 3451 1279 3528 sapientissi-

94 3560 153 3605 nam
168 3548 278 3606 Patavii
293 3548 580 3615 animadversionem,
606 3566 642 3604 ex
658 3546 809 3604 concordia
823 3556 941 3602 eventus
956 3564 1021 3602 cum
1037 3544 1118 3602 isaie
1133 3547 1277 3612 vaticinio,

94 3639 214 3718 virginem
223 3657 425 3721 concepturam
436 3656 465 3702 et
477 3645 628 3721 parituram
644 3642 745 3708 filium,
753 3641 818 3718 jure
830 3641 940 3716 optimo
952 3638 1084 3715 angelum
1096 3636 1200 3707 dicere,
1212 3639 1278 3698 ideo

40 3748 45 3756 ’
95 3733 177 3800 blariae
192 3743 284 3800 filiurn
298 3739 457 3801 vocandum
473 3760 537 3798 esse
551 3740 657 3799 Filium
673 3738 739 3804 Dei,
755 3739 821 3810 quia
835 3737 884 3810 qui
898 3737 936 3794 ita
951 3735 1154 3814 concipiendus
1174 3746 1203 3794 et
1216 3754 1280 3793 nas·

95 3831 183 3897 citurus
196 3838 350 3916 praedictus
364 3848 418 3907 est,
432 3836 617 3905 Emmanuel,
633 3836 743 3894 scilicet
757 3835 841 3893 Dnus
863 3852 1022 3903 uonrscuu,
1038 3844 1099 3892 erat
1113 3853 1279 3913 nuncupan-

96 3924 158 3990 dus.⁴
192 3935 272 4007 Mira
284 3944 329 3994 est
342 3937 416 3994 inter
429 3934 500 3995 ratis
515 3944 544 3992 et
556 3933 653 4010 angeli
668 3932 753 3990 verba
764 3930 923 3990 consentio.

469 4169 639 4220 Rosenmiiller
649 4168 676 4220 in
687 4170 749 4221 loca.

474 4255 553 4305 ICor.
564 4256 598 4306 iii.
612 4258 651 4306 16.
