2730 5018
369 252 430 315 -Du
450 253 603 316 TRIBUS
624 254 668 314 lN
691 254 777 315 DEO
798 253 1015 315 PERSONIS.
1173 242 1180 249 ’
1227 258 1284 317 lto

86 408 201 485 seriptis
216 428 284 469 sum
299 410 438 488 Spiritum
453 411 588 469 Sanctum
604 410 699 469 Deum
724 410 916 488 predicasse:
939 420 959 448 ‘⁶
972 411 1041 469 Non
1062 410 1210 486 impune‚”
1232 411 1287 481 ait,

86 504 188 563 “tarot
201 506 238 574 is,
252 507 303 578 qui
318 505 452 564 adversus
467 506 623 583 benignum
638 507 776 582 Spiritum
785 500 929 565 ‘Sanctum
943 506 1128 582 blasphemus
1142 519 1203 574 est;
1219 507 1293 583 spi--

86 600 153 657 ritus
169 609 266 659 autem
281 611 326 658 est
340 599 467 658 Deus.”¹
486 606 514 654 ou
525 600 571 671 pla
583 599 662 663 statu
669 599 832 657 ἀπελεύσεται
841 606 989 670 βλασφημῶν
1001 618 1069 655 ma
1078 616 1109 654 ss
1118 601 1286 670 φιλανθρώπου

86 697 260 764 autumares
272 695 355 768 ὁμου.
371 698 600 766 mommoreto
642 697 767 754 Basilius
788 696 883 755 Deum
905 707 981 754 uerte
1001 697 1176 773 nuncupavit
1196 695 1285 771 Spiri-

87 800 143 848 tum
166 791 331 850 Sauotnme
353 792 498 859 “Quibus
519 791 704 868 designantur
728 792 758 850 in
781 792 928 868 Scriptura
949 792 1034 850 Pater
1054 802 1082 849 et
1106 791 1199 850 Filius
1220 808 1285 848 esse

31 930 33 951 ,
88 882 176 951 ussa,
190 885 303 944 eisdem
327 884 493 962 designatur
507 895 536 943 et
559 886 684 961 Spiritus
710 888 831 945 Sanetus
847 887 928 944 Deus
950 926 958 943 .
983 926 991 943 .
1014 927 1023 944 .
1046 928 1054 944 .
1077 904 1114 944 ex
1129 904 1187 958 quo
1210 895 1290 962 patet

31 970 34 993 ³
88 976 257 1037 Trinitatem
277 997 343 1039 esse
357 979 675 1039 consubstantialem.”¹
716 991 735 1016 ⁶·
747 979 951 1040 Confitendum
966 990 1010 1038 est
1031 981 1126 1039 Deum
1142 999 1213 1038 esse.
1232 978 1300 1038 Par

85 1084 168 1141 trem,
194 1073 292 1141 Deum
310 1075 429 1142 Filium,
452 1074 547 1133 Deam
570 1076 708 1153 Spiritum
736 1077 892 1144 Sanetum3
916 1074 1157 1148 quemadmodum
1182 1075 1285 1134 disinoe

85 1168 252 1244 Seripturae,
277 1171 379 1243 etqui
405 1171 572 1229 sublimiora
594 1171 777 1249 contemplati
805 1181 881 1239 sunt,
897 1170 1101 1228 duouemnt.”³
1141 1170 1286 1230 Caetsmm

82 1262 182 1321 laudat
195 1282 262 1322 eum
279 1264 438 1340 Gregorius
454 1264 670 1333 Nazianzenus,
685 1265 773 1339 quod,
789 1283 877 1338 quum
893 1265 991 1322 Ariani
1002 1283 1117 1322 omnem
1130 1273 1290 1336 quaterent

82 1360 267 1419 reensionem
290 1362 444 1428 turbamm,
463 1361 492 1419 iu
511 1362 730 1419 concionibusa
750 1360 941 1437 nuncupando
963 1359 1071 1435 Spiritu
1096 1359 1202 1417 Sancto
1222 1358 1292 1417 Deo.

76 1456 260 1526 mstinnerit,
275 1475 312 1515 ne
324 1456 411 1534 lupus
424 1474 541 1534 gregem
557 1456 713 1527 invaderet,
726 1459 790 1534 ipso
804 1466 910 1525 amoto,
928 1457 955 1514 ri
970 1454 1101 1514 fraudere
1115 1457 1261 1532 ipsorum..
1285 1499 1288 1505 .

232 1917 385 1987 CAPUT,
406 1918 460 1986 111.
501 1926 562 2022 DE.
580 1925 734 1985 TRIBUS
755 1925 801 1984 IN
822 1924 908 1985 DEO
930 1925 1148 1985 PESSONIS

121 2104 174 2160 94.
197 2093 296 2169 Quum
310 2103 424 2160 Patrem
440 2101 535 2159 Deum
551 2119 616 2159 esse
631 2119 732 2158 omnes
746 2110 910 2176 agnoscant,
924 2100 1036 2158 Filium
1045 2111 1140 2157 antem
1154 2109 1183 2156 et
1197 2099 1305 2177 spiri:

85 2208 148 2257 tum
163 2199 303 2257 Sanctum
318 2198 413 2275 Deum
427 2216 542 2271 quoque
556 2216 621 2255 esso
642 2197 869 2274 probaverimus,
884 2196 975 2268 liquet
990 2208 1045 2255 tres
1061 2215 1125 2254 esse
1148 2214 1286 2272 personas

85 2295 115 2352 iu
128 2313 190 2353 uno
216 2293 292 2351 Deo.
334 2292 418 2351 Solet
432 2292 487 2351 hoe
502 2293 670 2369 mysterium
696 2290 833 2350 Trinitas
854 2291 1005 2359 vocarunt
1025 2292 1110 2349 trium
1125 2291 1154 2371 in
1174 2309 1295 2349 uuaes*

84 2391 178 2449 sentia
192 2408 380 2467 personarum
395 2389 488 2447 unitas
502 2389 691 2465 intelligatur:
714 2389 845 2461 quamvis
860 2382 979 2446 Petavio
994 2387 1104 2465 placeat
1115 2406 1215 2446 rocem
1231 2396 1291 2445 tres

86 2505 225 2565 personas
239 2487 400 2563 designare,
416 2505 473 2544 non
488 2497 615 2544 naturam
631 2486 756 2545 unicam.
797 2484 872 2544 lllud
887 2485 1092 2562 impugnarunt
1105 2484 1176 2543 olim
1192 2483 1290 2543 Sabel-

85 2583 164 2649 liani,
178 2592 211 2640 et
233 2592 374 2656 quotquot
398 2600 583 2658 personarum
606 2581 636 2638 iu
660 2582 726 2639 Deo
750 2581 896 2657 negabant.
915 2579 1137 2646 distinctionem,
1158 2579 1290 2637 Judaiois

85 2680 257 2738 inherentes
271 2679 383 2757 placitis
396 2698 404 2747 ;
419 2679 574 2752 oaeterique
589 2679 640 2751 qui
660 2679 728 2736 Filii
742 2688 771 2735 et
785 2677 907 2754 Spiritus
929 2676 1026 2734 Sanoti
1047 2675 1222 2733 divinitatem
1237 2676 1294 2734 im·

31 2796 33 2851 j
85 2775 263 2852 pugnabant.

598 2947 791 2989 Pnorosl'sso,

128 3103 214 3163 Sunt
227 3104 259 3162 io
271 3120 335 3177 unu
348 3102 407 3162 Dei
421 3103 547 3162 essentia
561 3110 621 3162 tres
637 3110 772 3181 persollae
786 3111 851 3159 use
865 3094 993 3159 invirum
1013 3092 1172 3158 distinctae.

123 3204 176 3260 95.
200 3200 353 3259 Probatur
376 3197 401 3258 I.
427 3198 482 3258 Ee
499 3197 664 3277 Scriptura.
707 3198 841 3255 Christus
863 3196 1018 3273 Apostolos
1032 3194 1162 3267 tmittens
1191 3193 1283 3253 dixitr

77 3308 102 3337 ‘⁶
116 3296 223 3356 docete
237 3314 338 3356 omnes
350 3305 449 3372 gentes
461 3315 469 3364 3
491 3296 667 3371 baptizantes
682 3312 732 3351 eos
747 3294 777 3352 in
791 3291 1027 3358 nomine-Patris,
1042 3300 1070 3349 et
1084 3289 1162 3359 Filii,
1177 3303 1205 3349 et
1226 3290 1291 3366 spi·

76 3394 155 3454 ritus
173 3390 321 3451 Sanoti.”⁴
345 3392 420 3449 'ires
435 3391 517 3468 plane
532 3391 683 3458 distinxit3
699 3408 749 3448 eos
765 3400 858 3447 tamen
873 3406 963 3446 unum
977 3405 1042 3445 esse
1056 3387 1151 3446 Deum
1167 3387 1295 3447 insinua·

78 3488 136 3556 vit,
151 3487 293 3564 singulari
309 3503 428 3543 numero
452 3495 472 3522 ‘¹
485 3477 515 3547 in'
527 3483 971 3557 nomine,”'quod³auctoritatem
987 3482 1015 3539 in
1028 3482 1183 3556 Scripturis
1198 3480 1292 3559 desig-

79 3590 167 3645 nat.⁸
191 3584 253 3643 Eos
266 3601 330 3641 esse
344 3581 466 3642 eundem
482 3581 576 3640 Deum
593 3583 621 3638 in
633 3579 901 3654 quem-eredendum
913 3578 960 3644 sit,
971 3577 1077 3649 quique
1089 3577 1298 3652 gratiaeomuis

79 3692 114 3741 et
127 3681 234 3738 salutis
246 3681 283 3737 sit
296 3678 421 3755 largitor,
437 3678 502 3736 inde
517 3678 679 3754 colligitur:
695 3677 750 3751 qui·
759 3677 842 3734 enim
850 3672 1018 3751 praedicanti
1027 3670 1186 3738 crediderit,
1203 3672 1294 3747 bapti·

45 3818 48 3823 -
81 3776 201 3836 annulus
216 3786 270 3843 est,
286 3789 313 3832 et
325 3775 377 3832 hae
388 3774 495 3832 ratione
507 3774 584 3831 filius
597 3773 660 3831 Deo
673 3773 805 3835 nascitur,
820 3770 945 3847 Spiritus
959 3768 1055 3827 Sancti
1066 3786 1162 3844 opera.
1187 3776 1206 3803 “
1218 3767 1293 3846 Bap-
1314 3819 1320 3827 Ι

83 3874 175 3933 tizari
189 3874 218 3931 in
234 3869 391 3943 aliquem,”
402 3870 468 3946 jure
483 3868 682 3929 animadvertit
696 3867 909 3930 R'osenmtiller,
925 3863 1052 3935 alioquin
1073 3864 1127 3920 sibi
1148 3882 1206 3921 non
1227 3880 1297 3924 oon·

82 3984 182 4036 stans,
198 3978 218 4004 ⁸·
232 3977 275 4024 est
287 3964 429 4041 baptismo
444 3963 561 4040 obligari
576 3962 612 4020 ad
633 3963 695 4040 ejus
716 3962 825 4020 uultum
846 3958 1022 4034 religiosum,
1039 3968 1067 4015 et
1081 3955 1297 4033 professionem

164 4197 206 4262 (l)
227 4194 304 4259 Resp.
318 4192 349 4243 ad
359 4193 432 4256 Prop.
443 4190 523 4240 Pauli.
535 4190 630 4240 Samos.
642 4197 659 4240 t.
673 4191 695 4238 1.
707 4189 771 4239 Bibl.
782 4187 860 4237 Grec.
871 4186 916 4236 ool
929 4201 953 4250 p.
964 4186 1023 4234 290.

164 4286 201 4343 (2)
220 4280 250 4331 L.
261 4297 285 4329 v.
297 4279 335 4330 ad,
347 4276 509 4329 Eunomium.

165 4369 208 4434 (a)
227 4367 276 4431 up.
290 4368 347 4415 ιιι.

163 4452 206 4517 (4)
226 4450 298 4500 Matt.
309 4447 398 4499 xxviii.
412 4448 452 4495 19.

163 4541 201 4600 (ὅ)
220 4537 282 4588 Mat
293 4536 362 4588 xviii.
373 4536 415 4586 2⁰.
432 4550 571 4602 avvqppsvss
581 4533 616 4590 ἐις
626 4531 656 4582 τὸ
666 4529 722 4596 ἐμὸν
733 4528 832 4594 ὄνομα*4
840 4515 980 4587 congregati
991 4521 1021 4572 in·
1028 4516 1128 4572 nomino
1139 4514 1228 4568 meo.'.''
