2744 5024
517 62 547 117 4¹.

415 251 482 313 *DE
502 250 708 313 PEOGATO‘
723 251 920 313 omullus
1240 258 1281 318 tr

61 412 154 481 mom,
169 406 207 474 ed
220 409 269 469 sui
282 407 499 486 similitudinem
514 409 631 478 lacmm,
644 408 775 469 bonitas:
789 427 850 468 uso-
859 408 1055 487 OEdipoopus
1067 423 1139 479 erat,
1153 423 1185 471 ut
1198 404 1281 491 ῑιιιάἸ
1332 452 1336 459 -

72 501 179 582 ligaret
200 524 234 563 se
255 504 340 564 donis
360 503 553 581 spoliandum,
577 505 603 562 si
622 502 809 577 deliquissetr
824 515 957 580 posteros
979 504 1015 562 iis
1029 506 1116 565 etium
1129 502 1284 567 carituris,

76 601 165 668 Quod
178 603 282 661 tuom
295 620 355 664 uon
368 601 472 659 retent
484 600 580 661 Deum
595 620 697 678 poeuus
709 611 900 678 posterorum,
913 610 1054 661 eteorum
1068 614 1177 661 reatum
1188 602 1289 679 expli·-

78 698 186 767 wisse,
200 716 260 759 nou
280 698 394 757 obstat:
416 716 470 756 nee
491 698 568 756 enim
589 698 756 757 disserentis
777 716 858 756 mors
879 698 998 758 Numen
1014 700 1184 759 exhibetur:
1207 700 1282 759 mals

79 801 174 871 upum
194 793 319 870 plurimu
344 783 411 853 iude
437 793 573 862 derivata,
595 803 716 862 constat,
739 803 851 872 nam-‘f
857 795 962 870 jugum
989 814 1075 871 grave
1095 814 1183 872 super
1204 796 1282 855 filios

75 862 217 957 Aderam
236 887 283 945 die
296 889 392 949 eiitus
406 888 442 946 de
462 898 561 950 ventre
573 890 682 951 ,muris
696 908 795 948 corum
815 890 954 961 usquein
973 888 1050 948 diem
1073 891 1236 967 sepultura,
1252 891 1282 949 in

77 991 200 1043 mairem
215 984 395 1044 οιιιιι’ἰιιιιι”.”-1
436 984 877 1062 Getemmq'rsxtasententism,
891 1004 956 1058 quae
977 995 1125 1062 peecatum
1142 988 1172 1044 in
1191 988 1283 1064 privu-

88 1077 159 1137 tioue
176 1079 298 1155 justitie
311 1079 459 1156 originalis
476 1080 584 1149 statuit,
599 1098 673 1156 opus
695 1098 755 1138 non
776 1088 837 1138 erat
848 1090 880 1137 nt
893 1079 985 1138 Adam
1009 1089 1140 1139 nosceret
1154 1091 1283 1158 posteros

89 1172 147 1251 bge
159 1175 217 1234 sibi
231 1174 296 1235 datu
308 1176 525 1253 comprehendi,
539 1185 650 1253 poteret
661 1176 739 1234 enim
751 1177 844 1246 Deus,
856 1176 920 1237 solo
933 1194 987 1236 suo
1000 1177 1125 1246 arbitrio,
1137 1186 1166 1234 et
1179 1195 1284 1236 arcano

95 1268 209 1340 decreto,
224 1272 318 1331 lacero
331 1282 362 1332 ut
375 1272 452 1331 dona
464 1273 513 1333 illa
526 1274 647 1350 gratuita
662 1272 869 1350 denegarentur
879 1274 978 1352 generi
991 1274 1127 1344 humano,
1142 1275 1235 1353 capite
1249 1291 1284 1333 es

94 1385 142 1426 vsua
152 1369 237 1446 culpa
248 1370 405 1440 amittente,

126 1470 195 1524 lid.
214 1465 364 1544 objicitur
377 1472 407 1528 2.
422 1466 486 1525 Lex
494 1468 596 1540 nequit
603 1467 730 1545 obligare
738 1486 790 1526 eos
801 1467 851 1541 qui
862 1467 990 1527 noudum
1001 1469 1137 1528 existunt.
1158 1470 1285 1531 Peccure

105 1560 588 1634 nequitquis-untequamuascatur.
642 1584 645 1589 ’
819 1614 821 1618 .
1326 1570 1344 1633 J

138 1657 200 1713 ter.
216 1654 306 1733 Rcep.
322 1657 420 1715 Nemo
433 1667 509 1717 certe
524 1656 569 1715 vel
582 1655 646 1733 lege
661 1656 753 1734 ligari,
768 1657 814 1715 vel
828 1676 948 1733 peccare
962 1667 1058 1734 potest
1070 1667 1223 1731 numquam
1237 1676 1303 1721 eurr·
1328 1674 1340 1701 ⁸
1360 1672 1366 1679 '

61 1824 64 1835 ,
111 1747 167 1816 istut,
181 1747 297 1819 directe,
312 1751 433 1819 scilicet,
447 1761 477 1809 et
497 1770 551 1810 suo
565 1761 639 1810 actu.
682 1751 742 1808 Sed
760 1752 834 1828 legis
848 1750 919 1809 datae
932 1753 1019 1828 ospiti
1039 1753 1157 1810 humaui
1174 1752 1290 1829 generis
1329 1732 1334 1737 ι

61 1840 64 1913 ξ
113 1846 214 1918 tequelu
235 1857 357 1923 possunt
370 1848 405 1905 ad
419 1866 521 1908 omnes
536 1849 600 1924 ejus
615 1858 747 1923 posteros
768 1849 941 1924 pertingere,
955 1849 1019 1924 ipsu
1029 1850 1057 1906 vi
1072 1867 1124 1906 sus
1137 1858 1166 1905 et
1178 1848 1289 1908 ordine·

113 1938 168 2011 tione
181 1941 289 2028 divina.
330 1943 454 2001 Peooare
469 1942 575 2002 idcirco
589 1942 620 2000 hi
634 1942 767 2000 dicuntur
776 1942 870 2000 latiori
883 1960 982 2010 sensu,
997 1961 1050 2001 nee
1064 1943 1143 2000 euim
1156 1961 1210 2000 suo
1224 1961 1290 2019 peo-

114 2047 278 2124 uunutsctu,
292 2047 323 2096 et
332 2038 495 2097 voluntates
511 2038 563 2097 sed
577 2057 653 2097 noxa
666 2038 824 2106 communi,
836 2057 922 2112 quam
935 2057 1010 2098 unus
1018 2037 1147 2108 sdmisit,
1159 2042 1290 2099 omnium

113 2142 181 2203 paor,
195 2144 337 2194 mutentur.
418 2154 421 2159 ⁴
657 2194 662 2202 ,

144 2235 200 2291 122.
225 2233 375 2312 Objicitur
395 2239 425 2292 3,
447 2233 493 2292 De
508 2233 571 2292 Ada
584 2243 727 2306 tamquam
742 2234 835 2310 capite
850 2233 967 2293 humani
982 2234 1095 2311 generis
1109 2233 1290 2316 foederatioo
1349 2244 1353 2254 '

110 2341 194 2389 omues
207 2331 340 2391 homines
352 2337 588 2409 repraesentante,
599 2351 658 2389 uon
668 2332 794 2404 loquitur
804 2332 953 2408 scriptura,
963 2332 1022 2389 imo
1032 2351 1085 2391 nec
1096 2333 1176 2406 loqui
1187 2335 1291 2410 potuit,

110 2437 182 2493 quum
195 2446 370 2487 consensum
384 2446 483 2486 eorum
505 2446 627 2501 quotum
642 2429 719 2486 vices
741 2429 813 2505 gerit
826 2429 1207 2509 repraesentatio-supponat.
1243 2429 1292 2492 ,lta

109 2514 261 2583 Baetasios.
304 2579 307 2583 .

141 2624 204 2687 -123,
223 2621 315 2700 Resp.
337 2622 524 2698 Simpliciter,
545 2641 598 2697 pro
620 2640 765 2679 sacrorum
787 2622 958 2696 scriptorum
980 2620 1171 2687 morae-esen
1191 2621 1294 2680 Moses

106 2707 189 2793 legem
202 2718 273 2777 Adue
287 2718 392 2787 datam,
408 2737 494 2791 quem
509 2718 635 2794 primum
649 2717 740 2774 fuisse
754 2718 916 2783 hominum,
933 2717 1062 2773 omnium
1076 2725 1196 2790 patrem,
1208 2716 1294 2772 etiam

108 2823 196 2873 nutat.
242 2814 289 2872 De
315 2813 422 2872 soedere
446 2824 475 2871 et
501 2813 537 2870 de
565 2812 814 2890 representatione
843 2810 919 2876 silet,
940 2810 1015 2866 sicot
1040 2808 1125 2865 etiarn
1151 2808 1295 2882 explicare

111 2910 279 2983 emittitque
293 2909 328 2967 ad
343 2920 475 2986 posteros
489 2907 675 2978 fluxerintex
690 2905 760 2964 Adae
775 2915 837 2962 actu
853 2904 937 2962 mala.
979 2902 1124 2962 Ceterum
1137 2903 1297 2960 innotuerat
1339 2899 1342 2904 ’

108 3001 160 3076 jum
179 3024 215 3065 ex
236 3005 357 3083 pristina
378 3005 529 3063 traditione
550 3014 579 3062 et
593 3005 676 3062 -tristi
697 3002 874 3078 experientia
897 2999 1077 3058 haereditaria
1101 3017 1187 3066 noxa,
1209 3017 1295 3072 quarn

115 3101 189 3174 plorat
200 3104 271 3171 Job,
285 3101 390 3170 David,
406 3102 640 3167 Ecclesiasticus,
655 3112 684 3158 et
697 3118 783 3172 quam
798 3097 956 3174 Apostolus
964 3095 1064 3160 ¹lucide
1080 3095 1214 3155 declarat.
1250 3097 1296 3155 De

114 3201 218 3258 vocibus
233 3219 292 3259 uon
309 3199 412 3271 estiis,
426 3197 477 3256 sed
492 3197 528 3255 de
545 3198 653 3273 reipsa
666 3215 753 3270 quam
767 3203 843 3252 certe
857 3194 995 3271 scriptura
1008 3202 1135 3251 testatur.
1178 3193 1208 3252 N
1210 3210 1248 3251 on
1257 3212 1298 3253 eo

113 3309 185 3355 ιθιιιιι
200 3296 331 3374 prolecto
344 3295 558 3372 representavit
571 3293 664 3353 Adam
678 3311 770 3370 genus
791 3292 960 3359 humanum,
976 3289 1203 3367 quodelegatus
1218 3308 1235 3346 a
1248 3309 1299 3366 po·

113 3394 167 3463 pulo
180 3405 213 3453 ut
227 3393 292 3469 ejus
308 3392 438 3451 consulet
448 3391 633 3459 utilitatibus3
649 3389 700 3448 sed
714 3399 858 3461 tamquam
871 3398 961 3464 pater,
976 3387 1041 3444 fons
1055 3396 1084 3444 et
1094 3389 1185 3465 origo.
1209 3388 1299 3447 Nullo

111 3483 207 3551 seuera
229 3509 305 3566 opus
320 3500 389 3556 erat,
410 3488 490 3547 nullo
504 3489 624 3546 alionum
648 3505 810 3553 consensu3
826 3485 876 3543 sed
891 3503 956 3558 quse
980 3484 1068 3541 libere
1090 3485 1186 3542 tribuit
1206 3485 1299 3551 Deus,

110 3587 226 3655 posteris
247 3583 549 3651 communicanduex
569 3582 733 3645 conditione
753 3579 865 3639 ab'dda
885 3577 1024 3641 servanda
1044 3578 1168 3653 pendere
1189 3577 1299 3645 voluitr

107 3692 158 3748 tua
170 3682 280 3741 violata
292 3681 357 3755 ipse
371 3679 458 3756 gradu
473 3678 601 3756 dejectus
616 3689 671 3746 est,
686 3687 714 3736 et
726 3678 766 3735 ita
779 3677 883 3734 sactum
896 3684 930 3732 ut
947 3675 1053 3751 posteri
1067 3674 1140 3751 ejus,
1155 3673 1302 3739 humiliori

95 3767 166 3840 -looo
182 3779 254 3846 nati,
269 3798 287 3836 a
300 3777 368 3836 Deo.
380 3776 660 3842 haberenturalieni.

140 3879 214 3935 124.
233 3871 384 3951 obj-icitur
398 3875 427 3930 4.
448 3871 606 3949 Apostolus
620 3869 655 3928 ud
670 3869 820 3927 Romanos
831 3866 861 3923 iu
873 3884 910 3922 co
919 3873 994 3921 votus
1006 3872 1074 3929 erat,
1085 3874 1117 3921 ιιι
1130 3864 1301 3931 ostenderet,

91 3971 162 4032 lum
175 3973 193 4032 J
196 3970 306 4036 udaeos,
322 3954 382 4042 tum
394 3968 515 4035 Gentes,
530 3966 658 4043 indigere
669 3965 818 4029 salvatore,
833 3961 940 4036 quippe
952 3958 1001 4031 qui
1013 3976 1113 4015 omncs
1128 3958 1259 4034 plurimis
1267 3978 1303 4016 se

99 4057 326 4142 inquinaverant
346 4064 468 4132 delictis,
488 4064 530 4122 illi
550 4061 666 4136 quidem
689 4061 760 4138 legis
782 4058 920 4118 Mosuicae
946 4064 1088 4133 precepta
1110 4053 1252 4122 violando,
1273 4054 1304 4116 ti

99 4145 202 4244 legem
216 4162 384 4226 naturalem.
424 4160 567 4220 Adamum
582 4158 803 4217 autemustium
825 4164 942 4233 peccato
962 4155 1109 4231 apernisse
1130 4152 1216 4210 dicit:
1239 4170 1305 4210 sum

104 4263 221 4321 scilicet
247 4278 348 4323 omnes
377 4267 517 4332 quotquot
545 4266 701 4334 peccarunt
734 4258 824 4313 secuti
844 4266 920 4313 sunt.
965 4253 1093 4313 Factum
1122 4250 1305 4309 notissimum

107 4363 247 4424 testatur:
268 4355 391 4416 modum
404 4374 463 4414 non
484 4355 619 4431 explicat,
633 4371 688 4410 neo
701 4352 777 4410 euim
793 4349 828 4409 de
848 4352 1045 4429 imputatione,
1060 4348 1196 4424 pravitate
1218 4349 1305 4417 totali,

112 4453 161 4510 vet
174 4453 329 4512 imitatione
343 4451 477 4524 loquitur.
519 4451 562 4509 lta
576 4447 742 4508 Barnesius.

615 4645 657 4709 (1)
676 4642 788 4710 eoetxt.
805 4645 827 4690 1.
