2730 5018
10 268 104 333 w,
225 260 284 319 70.
311 260 425 342 Olim.
445 263 575 322 Orationi
595 265 772 340 promittitur
783 264 923 323 auxilium
936 244 1086 323 dimnnni:
1107 272 1129 301 ‘⁶
1139 263 1233 323 Petite
1245 273 1276 324 et
1287 263 1365 325 debr

10 382 29 418 Ι
44 358 117 418 fn-
189 351 327 413 'obhom
762 425 767 433 ι

10 472 43 513 te.
66 470 95 505 e.
137 526 140 531 Ι
234 455 287 509 71.
306 450 399 530 Rctp.
420 453 529 526 Utique
551 454 643 512 oranti
658 453 781 530 plurima
804 454 989 512 conferuntur
1011 464 1041 513 et
1054 453 1191 512 validiore
1203 454 1321 525 sutilia,
1360 482 1361 488 ι

10 559 41 598 rx
52 544 146 625 Beni
204 547 261 625 ipsa
272 548 372 607 onndi
385 549 517 608 voluntas
530 569 548 608 a
560 551 670 626 Spiritu
683 551 791 609 Sancto
803 551 943 627 provenit.
984 560 1006 589 ⁸⁸
1016 552 1142 628 Spiritus
1152 551 1268 628 adjurat
1279 553 1322 610 ln
1353 582 1365 603 n

12 649 44 733 ἓξ
63 656 155 753 μῆ
210 652 286 703 uun
298 654 447 703 nostram:
469 662 536 703 nem
550 645 621 718 qnid
633 664 762 713 oremus,
776 646 851 704 sicut
864 654 986 722 oportet,
1000 648 1164 706 nescimust
1185 647 1237 707 sed
1253 649 1318 726 ipse
1330 649 1365 717 St

10 718 165 1065 tiqui]
212 739 271 798 ritus
282 740 408 815 postulat
419 756 473 816 pro
484 741 569 799 nobis
582 740 735 816 gemitibus
749 741 989 799 ineffabilibus&

89 40 140 521 ἕ
449 108 508 169 ΒΕ
529 106 748 169 susumus
769 106 944 167 cnam
965 106 1150 167 NATURA.

10 811 58 903 fd,
79 840 145 919 ,⁴³³²
241 839 287 894 77.
311 832 378 913 otj.
394 839 423 893 ³.
444 835 602 911 Apostolus
615 853 649 893 se
663 835 735 893 uelle
749 836 849 894 saltem
871 837 933 893 suin
945 837 1150 912 viribusposse
1171 835 1250 905 dicit,
1262 854 1348 910 quam

10 912 107 968 ΜΨ
215 928 310 993 ulturi
323 931 404 1006 operi
418 930 593 1007 perficiendo
611 950 663 1007 pnr
682 949 742 989 non
761 942 856 989 esset:
879 940 899 968 ‘⁸
909 932 994 990 Velle
1013 931 1124 1009 adjacet
1145 932 1236 990 mihi:
1257 932 1358 1009 perd»,

52 1090 65 1101 ,
155 1076 161 1099 ,
214 1037 289 1087 entem
303 1026 410 1084 bonum
424 1044 483 1084 non
496 1025 660 1085 invenio.”⁸

10 1092 31 1131 ¹
48 1095 154 1205 ⁰²3³&
241 1126 284 1181 rt.
304 1122 395 1201 Berp.
416 1122 562 1181 Describit
580 1123 640 1181 illic
654 1123 812 1199 Apostolus
834 1141 959 1200 pugnam
975 1141 1090 1182 carnem
1110 1124 1185 1181 inter
1196 1132 1225 1180 st
1249 1123 1365 1199 spiritu

15 1186 58 1229 ex
74 1203 118 1244 =0=
215 1234 263 1292 pne
272 1202 345 1274 adeo
357 1228 419 1277 eret
431 1218 598 1285 vehemens,
613 1230 644 1276 ut
657 1218 732 1276 bona
746 1237 809 1291 qne
824 1218 959 1294 concepit
978 1217 1119 1276 desideria
1133 1218 1279 1277 tentationi
1292 1216 1362 1275 sdr

215 1336 238 1374 sa
247 1315 378 1391 perficere
391 1316 441 1372 rix
456 1325 564 1391 posset.
608 1314 754 1372 Caeterum
769 1334 827 1373 non
841 1316 911 1373 dicit
924 1335 958 1373 es
971 1335 1009 1374 ex
1022 1335 1057 1375 se
1066 1317 1201 1392 profecta,
1213 1306 1344 1389 quumvis
1363 1326 1365 1368 t

213 1410 254 1469 nile
262 1426 297 1466 sa
309 1410 483 1486 conciperet,
498 1409 607 1485 Spiritu
623 1410 729 1466 Sancto
740 1411 908 1489 inspirante,
924 1411 1055 1484 sineque
1068 1428 1100 1467 ae
1112 1409 1188 1468 haud
1202 1410 1336 1470 idoneum
1348 1429 1364 1468 c

95 1568 101 1575 ,
212 1504 322 1582 gintioni
336 1514 441 1562 sanctae
455 1503 595 1562 habendus
606 1505 788 1579 agnoscebat.

10 1626 12 1633 ·
53 1644 62 1653 .
110 1669 113 1676 Ι
238 1604 282 1661 ll.
306 1599 375 1679 ooj.
389 1603 419 1658 4.
440 1600 681 1657 “convertimini
706 1599 741 1656 ad
768 1618 825 1666 me,
852 1601 891 1657 ait
911 1599 1056 1657 Dominus
1079 1601 1267 1668 exercituum,
1290 1611 1318 1657 et
1337 1618 1365 1669 eg

210 1888 388 1962 sequendam:
408 1886 460 1945 scd
473 1887 572 1963 gntiae
582 1887 769 1962 inspiratione
780 1905 830 1943 cor
840 1887 1024 1954 convertitur,
1035 1904 1094 1945 non
1105 1888 1164 1944 suis
1176 1888 1304 1946 viribus:
1326 1884 1365 1944 id

208 1992 344 2060 precantur
355 1982 411 2040 Dei
425 1982 566 2040 cultores:
590 1979 765 2038 “Converte
780 2000 844 2047 nos,
860 1980 995 2048 Domine,
1008 1980 1044 2039 ad
1057 1991 1094 2049 te,
1107 1991 1137 2040 et
1149 1992 1358 2040 convertemur.

237 2083 282 2140 76.
307 2077 374 2157 obj.
391 2083 419 2137 il.
441 2078 563 2136 Talents
576 2097 593 2134 a
606 2077 734 2135 Domino
759 2077 913 2150 unicuique
933 2076 1066 2136 dicuntur
1079 2077 1237 2147 distributa,
1263 2087 1360 2136 “secu

19 2179 101 2269 ⁶¹?-
202 2172 616 2253 dumpropriamrirtntem.”⁰

234 2276 282 2332 77.
303 2270 393 2349 Rcep.
414 2270 463 2329 Ex
477 2269 674 2346 parabolarum
700 2268 901 2326 minutioribus
922 2268 1064 2346 adjunctis
1077 2288 1136 2329 non
1156 2271 1223 2328 licet
1243 2288 1361 2347 crgrrms

64 2485 72 2493 -
186 2469 282 2520 terum
298 2459 511 2537 sapientissima
523 2459 684 2516 oeconomia
696 2458 794 2533 gratiae
805 2457 880 2515 dona
893 2458 1012 2534 largitur
1032 2458 1124 2526 Dens.
1137 2459 1292 2531 unicuique
1306 2476 1359 2533 pro

186 2552 313 2617 idonens
328 2556 421 2614 estiis
434 2555 542 2613 utiliter
561 2552 773 2630 impendendis,
790 2572 847 2611 non
862 2555 923 2611 suis
938 2554 1058 2621 viribus,
1085 2553 1136 2611 red
1150 2555 1215 2630 ipsa
1228 2554 1323 2630 gratie
1338 2553 1358 2613 l·

184 2747 405 2808 nisChristi.”⁷

230 2848 279 2905 78.
304 2842 372 2923 otj.
387 2848 417 2902 s.
438 2842 576 2901 Zachaeus
602 2840 631 2899 in
645 2842 794 2917 premium
810 2841 1001 2900 solicitudinis
1015 2840 1165 2899 Christum
1188 2838 1302 2898 ridendi
1316 2840 1358 2898 sul

195 2944 229 2999 tis
241 2941 331 3019 gratis
344 2937 464 2999 donatus
486 2947 547 2997 est:
568 2936 686 2994 latronis
701 2935 826 2993 studium
842 2955 894 3012 pro
908 2935 1018 2994 Christi
1033 2935 1142 2994 honore
1155 2935 1360 3011 pollicitatione

10 3007 82 3105 μζ
179 3032 313 3114 ¹paradisi
328 3034 460 3093 meritum
474 3044 535 3091 est:
557 3031 732 3089 centurionis
754 3030 883 3090 Cornelii
903 3031 1097 3108 eleemosynae
1118 3029 1186 3089 fidei
1200 3029 1276 3088 dono
1297 3048 1357 3089 rem

10 3102 91 3204 “gf
195 3140 295 3191 neratte
308 3139 386 3188 aunt.

10 3208 99 3249 'mm
228 3232 279 3288 79.
300 3226 390 3304 Rctp.
404 3225 453 3284 Ex
461 3223 631 3282 'liberalitate
644 3230 673 3279 et
686 3221 880 3280 misericordia
890 3221 988 3280 divina
1001 3223 1049 3280 illa
1063 3224 1161 3281 omnia
1172 3224 1314 3281 beneficia
1324 3242 1359 3299 pr

10 3307 39 3345 ῃ
57 3308 106 3345 ²¹²⁸
190 3324 343 3383 duxerunt.
382 3321 452 3399 Ipsa
464 3319 615 3397 Christum
628 3316 742 3376 ridendi
757 3316 908 3375 solicitudo
922 3317 953 3374 in
969 3317 1055 3375 corde
1081 3319 1195 3376 Zachaei
1210 3320 1362 3401 excitatae

190 3420 279 3498 gnua
302 3419 381 3477 illius
403 3417 454 3491 qni
480 3434 546 3473 eunt
572 3413 708 3501 deinceps
733 3413 831 3470 salutis
853 3412 1020 3488 participem
1046 3410 1208 3470 declararit.
1262 3411 1362 3470 Nonni

189 3515 309 3577 Christo
322 3516 398 3575 intus
413 3522 558 3579 movente,
572 3510 645 3568 latro
660 3509 869 3586 suppliciorum
882 3508 994 3566 socium
1010 3507 1166 3583 impietatis
1181 3507 1308 3585 arguisse
1324 3524 1356 3565 ce

618 3744 661 3808 (l)
681 3741 743 3790 Luc.
752 3741 785 3790 xi
798 3743 822 3789 9.

619 3828 657 3885 (2)
675 3825 746 3872 Rom.
757 3823 806 3871 viii.
816 3825 858 3871 26.

625 3910 668 3976 (3)
688 3910 761 3958 Rom.
772 3908 814 3957 vii.
826 3910 865 3957 ts.

620 3994 663 4060 (4)
683 3992 785 4042 Zethi.
797 3994 822 4040 3.

610 4082 658 4138 ιι)
676 4078 766 4127 ierem.
777 4078 804 4127 in
815 4076 866 4126 tine
877 4075 944 4126 Oret

620 4164 662 4228 (s)
682 4162 754 4212 Man
764 4177 822 4212 m.
837 4164 875 4209 rs.

622 4248 665 4313 (t)
684 4245 749 4311 Eph.
761 4246 794 4294 iv.
807 4249 830 4295 ⁷.

760 4332 818 4388 24*
