2744 5024
29 275 93 334 ass
314 273 808 338 osnouonumornnmr
828 273 1011 357 neutro.

35 427 77 487 dit
101 426 275 487 Walcbiurr
300 430 389 491 “His
415 431 451 490 de
472 433 568 490 causis
592 435 713 492 omnino
734 434 828 501 decet,
849 434 972 492 Lutlteri
994 432 1164 498 scotomiae,
1183 441 1246 503 quat

36 522 168 583 videntur
180 521 324 592 donna,
339 545 392 602 per
406 528 668 604 interpretationem
684 529 859 604 mitigare.”²

75 620 145 675 tta.
167 616 338 677 Concilium
352 619 556 680 Tridentinum
572 621 759 680 Catholieum
776 622 882 698 dogma
906 623 964 680 hoe
978 621 1107 679 munivit
1127 636 1250 678 canone:

38 722 59 749 ⁴³
71 710 104 769 si
115 712 182 783 quis
197 712 305 771 dixerit
317 714 446 773 hominis
456 717 606 792 justificati
625 717 701 774 bona
715 735 805 793 opera
825 719 865 774 ita
883 735 951 774 esse
972 715 1052 775 dona
1066 714 1137 781 Dei,
1151 725 1183 772 ut
1197 731 1254 771 non

37 807 95 866 sint
107 806 195 865 stiam
209 808 287 867 bona
295 809 388 886 ipsius
399 811 549 886 justificati
563 812 674 877 merita,
686 823 734 868 aut
747 813 843 886 ipsum
851 811 1046 887 justificatum
1064 809 1152 868 bonis
1164 808 1255 884 operi-

38 902 102 968 bos,
117 918 183 973 qute
197 904 233 961 ab
247 922 284 961 eo
298 922 350 979 per
372 905 428 962 Dei
449 906 578 981 gratiam,
600 917 630 963 et
649 906 721 964 lesu
744 905 856 963 Christi
876 907 1026 973 meritum,
1049 905 1138 981 cujus
1159 904 1256 961 vivont

39 998 201 1059 membrum
219 1009 273 1068 est,
288 1001 372 1069 fiunt,
388 1020 446 1060 non
468 1018 534 1060 vere
560 1004 663 1060 mereri
677 1011 863 1078 augmentum
878 1003 987 1078 gratias,
1003 1001 1096 1061 vitam
1111 1010 1256 1067 eternam,

40 1104 70 1153 ct
91 1093 265 1170 ipsios-vitre
280 1107 403 1164 aeterne,
419 1097 445 1153 si
459 1106 553 1154 tamen
569 1097 599 1153 in
613 1097 702 1172 gratia
716 1096 891 1162 discesserit,
903 1097 1158 1162 consecutionem,
1172 1104 1258 1166 atque

42 1190 128 1249 etiam
141 1190 241 1265 glorite
256 1203 452 1267 augmentum,
468 1192 618 1249 anathema
632 1191 720 1249 sit.’'¹

553 1382 740 1422 rnorosmo.

85 1517 341 1596 Bonojustorum
352 1538 441 1598 opero
454 1537 519 1597 puae
528 1536 584 1596 per
604 1517 740 1595 gratiam
761 1517 830 1586 Dei,
853 1524 880 1576 et
893 1516 969 1576 Jcsu
986 1516 1108 1578 curten·
1118 1520 1261 1580 meritum
1319 1534 1361 1573 a

44 1619 133 1692 firmi,
143 1631 210 1674 nere
221 1623 373 1676 merentur
386 1617 483 1675 vito-m
494 1623 646 1674 arternum.

86 1709 242 1770 Probatur
256 1711 282 1770 I.
299 1729 335 1770 ex
349 1711 525 1789 Scriptorum.
1259 1766 1350 1789 ...-

86 1811 157 1868 413.
179 1809 314 1866 Christus
326 1807 416 1866 dixit:
438 1807 552 1865 “Beati
566 1807 614 1880 qui
627 1805 859 1884 persecutionem
873 1805 1020 1881 patiuntur
1038 1817 1162 1884 propter
1171 1809 1259 1884 justi·
1346 1831 1359 1839 ·

49 1905 465 1981 tinmquoniamipsornmest
478 1922 597 1979 regnum
612 1901 757 1960 caelorum.
799 1900 880 1958 Beati
895 1902 965 1958 estio
978 1919 1046 1959 cum
1057 1902 1266 1965 maledixerint
1298 1904 1364 1954 Δ

49 2003 143 2072 vobis,
157 2012 186 2061 et
199 2001 340 2078 persecuti
355 2000 531 2067 metuerim,
547 2008 575 2056 et
585 1998 710 2056 dixerint
722 2015 808 2056 omne
822 1997 929 2055 malum
944 1998 1102 2057 adversum
1115 2018 1170 2075 ros
1185 2019 1266 2058 men·
1304 2020 1363 2037 ι

50 2105 153 2162 tientes
166 2108 283 2175 propter
298 2115 362 2157 me:
386 2095 517 2154 Gaudete
531 2107 560 2153 et
574 2094 708 2159 exultate,
730 2094 865 2166 quoniam
889 2112 1000 2151 merces
1022 2105 1120 2154 vestra
1142 2097 1266 2173 copiosa
1309 2108 1362 2144 Δ

51 2207 96 2259 est
118 2196 149 2254 in
162 2193 287 2252 culis.''⁸
328 2193 424 2250 Habet
451 2191 536 2267 igitur
556 2190 696 2249 mercedis
718 2190 856 2248 rationem
878 2189 954 2260 quod
978 2190 1063 2247 nobis
1084 2191 1265 2267 promittitur
1323 2199 1362 2214 ““

52 2309 171 2370 regnum
185 2290 308 2347 celeste.

92 2387 161 2444 414.
183 2383 274 2441 Datur
285 2383 370 2439 etiam
384 2381 472 2438 veluti
487 2383 515 2439 in
530 2381 640 2438 virtutis
656 2380 825 2455 praemium:
849 2379 987 2437 “Venite
1004 2379 1154 2438 benedicti
1169 2381 1266 2439 Patris
1331 2389 1360 2423 ³

54 2484 122 2553 mei,
150 2477 297 2559 possidete
321 2487 449 2553 paratum
475 2476 555 2533 vobio
580 2493 701 2551 regnum
722 2494 738 2532 a
758 2475 961 2571 constitutione
989 2473 1102 2533 mundi.
1147 2475 1268 2534 Esurivi
1307 2465 1362 2526 i

54 2581 142 2647 enim,
152 2588 180 2634 et
193 2574 310 2634 dedistis
326 2571 396 2630 mihi
412 2570 630 2628 manducare.'’⁴

94 2679 164 2734 415.
187 2673 258 2739 Quae
274 2669 383 2726 Christi
395 2687 481 2724 causa
501 2668 632 2742 patimur,
648 2665 767 2741 gloriam
782 2666 865 2722 nobis
887 2665 998 2740 operari
1019 2663 1177 2722 dicuntur:
1205 2664 1267 2721 “ld
1320 2652 1361 2711 1

56 2774 144 2840 enim,
169 2768 245 2843 quod
267 2768 296 2825 in
320 2764 451 2841 prasenti
472 2774 515 2819 est
537 2773 769 2819 momentaneum
791 2772 820 2817 et
841 2761 904 2817 leve
930 2760 1121 2817 tribulationis
1146 2771 1267 2825 nostrae,
1326 2787 1362 2811 .

58 2888 144 2946 supra
158 2865 275 2924 modum
290 2864 318 2920 in
334 2860 506 2918 sublimitate
528 2869 663 2915 aeternum
686 2858 783 2932 gloriae
806 2856 918 2931 pondus
933 2865 1068 2930 operatur
1081 2856 1113 2912 in
1129 2857 1268 2913 nobis·”⁵
1312 2846 1363 2876 ὅ

56 2967 149 3020 αἰώνιον
160 2962 232 3029 βάρος
243 2959 312 3028 δόξης
322 2955 500 3025 κατεργάζεται
513 2955 581 3023 ἡμῖν.

1 3047 3 3053 ’
98 3054 168 3108 416.
191 3048 236 3104 De
251 3045 349 3122 gloria,
365 3043 451 3098 veluti
466 3059 571 3098 corona
581 3041 646 3114 jure
659 3039 761 3104 debita,
772 3037 898 3109 loquitur
913 3035 1091 3111 Apostolus:
1116 3036 1267 3095 “Bonum
1337 3046 1362 3081 1

60 3155 203 3206 certamen
218 3140 333 3205 certavi,
348 3156 461 3194 cursum
478 3135 684 3200 consummavi,
701 3133 785 3190 fidem
800 3133 919 3189 servavi.
963 3131 996 3188 ln
1012 3131 1125 3203 reliquo
1139 3134 1270 3208 reposita
1315 3139 1363 3177 Α

61 3253 104 3301 est
115 3239 185 3298 mihi
197 3233 438 3309 eoronatjustitiae‚
452 3248 535 3301 quam
549 3229 646 3285 reddet
657 3229 728 3284 mihi
741 3228 884 3284 Dominus
896 3228 925 3283 in
935 3226 983 3283 illa
994 3226 1039 3282 die
1048 3227 1146 3302 justus
1152 3227 1250 3303 judex
1261 3249 1268 3283 :
1342 3233 1361 3264 ἴ

62 3333 227 3397 nonsolum
250 3339 343 3385 autem
363 3326 445 3391 mihi,
461 3324 512 3380 sed
535 3333 563 3380 et
585 3326 620 3380 iis
642 3325 692 3396 qui
711 3324 833 3400 diligunt
854 3324 1005 3382 adventum
1028 3323 1142 3399 ejus.”⁰
1184 3324 1268 3381 Sicut
1348 3328 1359 3359 .·

67 3427 244 3489 vincentibus
260 3425 287 3480 in
305 3422 434 3499 palaestra
449 3419 493 3476 vel
508 3419 600 3476 stadio
614 3439 719 3477 corona
728 3421 793 3496 jure
805 3419 966 3484 debebatur,
977 3419 1019 3474 sic
1029 3418 1095 3493 jure
1108 3418 1271 3477 vindicatur
1320 3421 1360 3440 ‘

66 3527 187 3590 caelestis
209 3523 308 3600 gloria,
324 3519 439 3595 impleta
454 3517 562 3574 scilieet
576 3518 738 3575 conditione
753 3536 838 3589 quam
853 3517 940 3573 libere
955 3516 1052 3572 statuit
1067 3513 1160 3573 Deus.
1199 3516 1269 3574 ldco

66 3629 134 3688 dicit
148 3621 328 3683 Bernardus:
371 3618 456 3674 “Est
471 3635 555 3687 quam
571 3616 677 3673 Paulus
688 3626 819 3690 expectat
827 3633 930 3671 corona
938 3614 1057 3688 justitiae
1069 3633 1076 3681 ;
1087 3613 1139 3671 sed
1148 3615 1269 3689 justitiae

67 3726 134 3792 Dei,
149 3739 208 3779 non
222 3737 280 3774 suae
290 3737 297 3783 ;
309 3718 419 3792 justum
434 3715 541 3789 quippe
556 3724 609 3779 est,
626 3722 656 3769 ut
670 3712 766 3769 reddat
778 3711 854 3784 quod
866 3711 966 3778 debet;
982 3710 1067 3767 debet
1080 3709 1176 3768 autem
1192 3712 1270 3784 quod

68 3818 211 3901 pollicitus
226 3814 313 3872 est.''⁷
348 3811 392 3869 De
408 3811 579 3886 martyribus
594 3810 696 3867 dicitur
706 3809 736 3866 :'’
780 3808 820 3866 Hi
836 3818 902 3865 sunt
916 3808 964 3880 qui
978 3818 1122 3864 venerunt·
1133 3807 1169 3865 de
1185 3809 1269 3866 tribu·

338 4026 378 4090 (l)
395 4022 486 4071 lntrod.
498 4023 514 4070 l.
526 4022 541 4070 i.
553 4037 574 4069 c.
586 4020 620 4070 iii.
634 4025 647 4079 ς
661 4021 695 4069 xl.

339 4111 381 4174 (2)
402 4108 465 4156 Sess.
474 4108 504 4154 vi.
517 4123 570 4155 can.
581 4109 620 4153 32.

337 4197 376 4259 (3)
396 4194 455 4241 Mat
465 4209 487 4240 v.
501 4195 539 4240 10.

338 4280 378 4342 (4)
398 4277 458 4326 Mat.
465 4293 522 4326 xxv.
532 4277 572 4322 34.

342 4362 384 4426 (5)
403 4361 435 4409 ΙΙ.
452 4359 509 4408 Cor.
521 4360 552 4408 iv.
567 4362 606 4406 17.

345 4447 386 4512 (6)
406 4445 438 4494 ll.
449 4445 515 4494 T'nn.
527 4443 558 4492 iv.
571 4447 595 4492 7.

225 4579 229 4586 ,
332 4530 374 4594 (7)
395 4527 444 4579 cit.
456 4545 471 4578 a
482 4528 556 4578 Bullo
568 4526 653 4576 Herm.
663 4526 711 4589 Ap.
724 4523 822 4574 cxviii.
833 4523 891 4573 diss.
902 4529 958 4586 post
970 4525 983 4580 ἦ
1001 4523 1038 4569 15.
