2744 5024
288 227 346 331 ntt
368 257 517 329 tronus
539 257 711 326 cnnrsrr
733 260 815 325 ruo
836 260 1037 323 cunnus.
1155 226 1168 247 ⁶
1209 261 1269 315 ιιι

464 516 667 558 omortortls
693 514 876 556 souvunsutt.
1167 456 1190 493 ᾗ

114 646 182 711 tou.
207 651 273 731 otj.
292 657 319 712 1.
342 653 476 713 Christus
490 653 576 713 dicits
593 653 758 712 “Animam
773 671 865 710 meam
880 668 957 728 pono
971 669 1024 729 pro
1036 642 1138 737 opibus
1153 650 1236 708 meis.
1263 691 1271 706 .

86 773 98 802 ι
115 782 123 803 .
142 787 150 802 .
168 746 208 805 Et
221 766 276 824 ego
288 748 376 806 vitam
388 757 522 808 aeternum
536 747 573 806 do
588 747 641 815 eis,
656 756 684 804 et
697 765 756 804 uon
770 747 903 822 peribunt
917 746 947 803 in
962 741 1146 821 atempmst’1
1167 752 1187 780 “
1201 743 1274 802 Haec
1338 776 1343 785 ·

90 850 128 897 ert
138 851 225 900 autem
239 842 369 901 voluntas
383 844 457 920 ejus,
473 844 523 916 qui
534 843 616 900 misit
636 860 694 909 me,
710 841 825 908 Patris,
846 850 878 897 ut
890 856 987 908 omne,
1002 838 1080 923 quod
1099 838 1178 897 dedit
1192 838 1274 904 mihi,

95 947 142 1007 pou
152 932 263 1011 perdam
278 954 316 994 ex
326 949 375 1004 eo,
390 936 442 994 ssd
464 937 631 995 resuscitem
652 930 723 993 illud
743 936 773 993 in
796 934 954 992 novissimo
974 933 1069 991 die.”¹
1111 942 1130 970 “
1143 934 1274 992 Exaltari

61 1062 64 1073 ·
97 1038 190 1104 oportet
209 1023 317 1093 Filium
337 1026 476 1100 hominis,
500 1043 532 1090 ut
553 1032 649 1090 omnis
673 1032 722 1104 qni
746 1029 837 1087 credit
860 1031 891 1087 in
911 1029 1007 1106 ipsum
1023 1047 1080 1087 uon
1102 1037 1209 1106 pereat,
1224 1029 1277 1086 sed

80 1135 84 1141 '
101 1123 180 1184 habeat
189 1128 274 1187 vitam
288 1139 432 1186 eternum.
436 1126 469 1162 ”⁸
488 1128 569 1204 Ergo
584 1126 718 1185 Christus
730 1128 814 1185 vitam
826 1127 924 1202 posuit
937 1144 990 1202 pro
1004 1123 1147 1185 salvandis
1158 1134 1275 1192 tautum,

68 1234 72 1240 '
100 1226 138 1296 nni
148 1236 172 1286 et
183 1229 239 1305 ipsr
228 1227 354 1286 fideles
367 1239 446 1289 sunt.

131 1325 189 1393 tot.
209 1320 299 1402 Reap.
315 1325 423 1398 Utique
436 1324 570 1382 Christus
582 1323 669 1383 vitam
682 1325 780 1402 posuit
790 1343 842 1400 pro
851 1324 963 1393 ovrbus
974 1342 1031 1398 qua
1041 1325 1165 1402 imagine
1176 1324 1282 1413 otum

98 1411 178 1515 &eles
201 1420 395 1498 designantur,
421 1421 525 1494 quibus
543 1418 665 1526 proinde
693 1430 769 1479 certa
796 1419 974 1479 adsalutem
1001 1421 1131 1480 subsidia
1156 1390 1282 1480 tribuit·

103 1526 150 1581 que
173 1523 265 1573 tamen
293 1515 351 1591 ipsi
379 1534 431 1572 sua
460 1515 568 1573 incuria
597 1515 642 1572 vel
669 1515 757 1572 animi
784 1515 938 1590 pertinacia
965 1515 1099 1573 adhibere
1127 1515 1279 1588 aliquando

102 1608 236 1686 negligunt.
278 1610 349 1667 Vult
363 1611 487 1668 Pater'
462 1629 524 1686 epus
540 1620 570 1667 ut
590 1609 662 1667 nihil
677 1610 718 1667 illi
738 1610 834 1668 datum
853 1611 971 1678 amittat,
995 1609 1117 1682 ideoque
1136 1611 1181 1668 vis
1202 1611 1280 1669 nulla

96 1705 184 1802 poterit
197 1704 322 1763 dilectos
345 1705 409 1781 ejus
429 1705 552 1763 famulos
573 1704 617 1762 illi
636 1705 764 1780 eripere.
787 1704 838 1763 sed
861 1714 956 1763 manet
975 1706 1158 1764 voluntatis'
1150 1724 1280 1782 rpsorum

96 1770 203 1866 libertas.
218 1817 271 1856 nee
285 1799 362 1857 enim
377 1799 433 1866 nisi
448 1800 576 1856 volentes
590 1798 743 1856 salvantur.
777 1799 927 1856 Exaltatus
949 1800 1037 1857 estin
1052 1817 1147 1866 cruce,
1168 1810 1200 1857 ut
1220 1817 1279 1856 cre·

90 1880 176 1957 ..dens
169 1911 194 1951 m
209 1894 306 1973 ipsum
320 1912 379 1952 nnn
403 1903 510 1970 pereat,
526 1913 576 1967 qur
568 1892 739 1968 ''preinde
731 1911 760 1950 ιιι
782 1892 838 1950 fide
859 1911 1056 1968 perseverans,
1079 1903 1108 1950 et
1128 1911 1181 1970 per
1194 1893 1281 1951 dilec-

97 1980 186 2048 tionem
199 1989 287 2048 fidem
301 2008 449 2056 exercens,
466 1990 541 2047 certd
556 1990 693 2047 obtinebit
707 1990 804 2047 vitam.
847 1989 930 2047 Nihil
945 1990 975 2048 in
988 1990 1109 2066 objectis
1123 1988 1196 2048 locis
1211 2008 1278 2048 cou-

94 2069 216 2142 ditionem
231 2083 398 2142 obedientiae
413 2084 549 2142 excludit.
592 2084 734 2143 Caeterum
749 2085 774 2141 si
795 2085 860 2158 quis
881 2084 949 2142 velit
962 2101 997 2142 ea
1016 2085 1114 2143 omnia
1127 2084 1163 2142 de
1183 2085 1282 2143 electis

90 2177 233 2249 explicare,
249 2199 301 2257 per
324 2169 477 2247 nos'licet,
491 2180 646 2238 dummodo
671 2199 771 2248 eorum
794 2181 871 2238 sulus
894 2181 1056 2258 precipuus
1079 2182 1207 2254 quidem,
1230 2183 1283 2240 sed

90 2279 141 2330 flou
154 2265 253 2334 unicus
265 2274 335 2335 'finis
350 2277 448 2335 mortis
465 2276 575 2333 Christi
596 2287 775 2353 agnoscatur,
791 2295 880 2350 quum
902 2286 922 2314 ‘⁴
932 2296 984 2355 pro
998 2279 1132 2337 omnibus
1153 2289 1283 2355 gustaret

85 2370 248 2428 mortem.”⁴
287 2362 442 2446 Perperam
465 2381 559 2428 autern
582 2371 745 2429 calviniani
766 2371 866 2430 fideles
889 2391 954 2431 cum
970 2373 1069 2432 electis
1091 2374 1281 2442 confundunt,

84 2465 137 2522 '01
150 2467 229 2524 enim
240 2466 291 2523 illa
305 2484 406 2524 omues
420 2463 618 2540 complectitur
633 2467 860 2549 quiveritatibus
881 2469 1012 2528 revelatis
1033 2471 1138 2529 mentis
1157 2472 1284 2529 tribuunt

76 2561 242 2629 &sensum
256 2579 378 2634 quorum
393 2561 508 2636 plurimi
523 2580 574 2618 sua
588 2561 674 2636 culpa
688 2560 823 2636 deinceps
836 2572 965 2637 pereunt.

117 2659 189 2717 202.
215 2655 282 2736 op:
298 2663 327 2714 2.
350 2666 370 2692 ‘⁴
383 2657 452 2714 Non
475 2675 527 2733 pro
549 2656 656 2714 mundo
671 2675 750 2732 rogo,
765 2656 817 2714 sed
838 2675 891 2734 pro
906 2658 941 2714 iis
955 2674 1028 2730 quos
1043 2657 1146 2717 dedisti
1166 2659 1284 2717 ιιιιιιι.”5

73 2737 214 2813 Ohn'stus
230 2772 282 2829 prc
296 2754 332 2810 iis
346 2753 403 2813 dici
417 2755 517 2826 nequit
529 2764 666 2820 mortuus,
679 2772 752 2825 quos
765 2773 780 2810 a
794 2753 857 2833 suis
870 2754 992 2826 exclusit
1004 2755 1158 2830 precibus:
1181 2774 1283 2814 omnes

69 2853 173 2921 sutem
188 2860 291 2926 praeter
304 2850 420 2914 eleetos,
436 2849 515 2906 datos
530 2849 585 2906 sibi
600 2858 705 2905 aeterno
721 2849 813 2906 Patris
828 2848 952 2916 decreto,
968 2849 1029 2907 suis
1043 2851 1178 2925 precibus
1192 2853 1284 2927 priva·

71 2940 125 3004 lit.
175 2945 324 3027 Equidem
339 2964 426 3018 quum
442 2946 528 3003 Pater
539 2963 653 3021 semper
664 2963 729 3003 eum
742 2945 944 3013 audiret,⁰fieri
958 2963 1016 3005 non
1030 2947 1122 3023 potuit
1131 2956 1163 3005 ut
1173 2966 1284 3025 preces,

67 3045 169 3105 multo
186 3045 282 3103 minus
297 3044 480 3120 sanguinem,
495 3043 597 3100 frustra
609 3042 754 3100 funderet.

112 3145 189 3200 203.
213 3138 304 3217 Resp.
320 3139 457 3197 Christus
468 3138 606 3196 mundum
620 3158 655 3196 eo
670 3139 724 3197 loci
740 3138 900 3217 designarit
912 3140 1019 3216 impios
1034 3150 1063 3199 et
1076 3141 1221 3212 infideles,
1233 3147 1283 3217 qui

63 3232 220 3309 adrentus
244 3235 289 3291 sui
312 3235 408 3313 bonis,
432 3234 517 3310 culpa
540 3242 568 3291 et
593 3234 747 3310 pertinacia
770 3236 868 3304 animi,
890 3232 1034 3297 carerent,
1070 3236 1139 3296 Nou
1161 3258 1213 3315 pro
1227 3239 1284 3298 illis

63 3333 191 3411 rogavit
206 3332 333 3398 Patrem,
347 3330 400 3389 sed
415 3349 466 3406 pro
481 3331 629 3407 discipulis
644 3333 715 3399 suis,
731 3344 760 3389 et
774 3333 836 3391 aliis
858 3352 956 3393 eorum
972 3353 1059 3412 opera
1076 3334 1110 3393 ed
1125 3336 1212 3396 fidem
1234 3357 1286 3415 per

61 3428 252 3488 saeculorum
277 3427 380 3485 seriem
406 3425 590 3491 adducendis,
616 3437 648 3482 ut
672 3427 811 3483 bonorum
836 3429 920 3503 copia
944 3428 973 3485 in
995 3448 1089 3489 aevum
1111 3431 1282 3491 fruerentur.

61 3511 224 3601 specialis
246 3521 322 3578 illius
337 3521 484 3587 orationis,
500 3537 584 3592 quam
600 3529 686 3574 terras
712 3520 860 3576 relicturus
885 3538 937 3594 pro
960 3521 1155 3580 dileetissimis
1170 3527 1284 3584 famulis

61 3607 163 3683 fudit,
179 3616 321 3673 beneficio
335 3615 458 3692 privavit
470 3612 612 3680 infideles,
627 3613 657 3668 in
672 3613 816 3687 impietate
831 3613 1002 3689 pertinaces.
1026 3614 1114 3672 “Est
1128 3618 1285 3686 mundu‘s,”

61 3701 175 3786 inquit
188 3711 377 3786 Augustinus,
393 3708 460 3767 “de
476 3728 533 3781 quo
548 3709 684 3785 scriptum
700 3721 753 3776 est,
769 3728 805 3766 ne
817 3727 882 3767 curn
906 3709 961 3767 hoc
976 3709 1083 3768 mundo
1098 3709 1282 3774 damnemur:

61 3815 132 3876 pro
147 3808 205 3864 isto
220 3807 326 3865 mundo
340 3825 399 3864 nou
413 3803 535 3880 rogat.’'⁷
576 3803 635 3860 Sed
650 3824 706 3862 uon
722 3805 786 3863 ideo
801 3806 880 3862 omui
894 3804 1100 3881 redemptionis
1117 3827 1245 3879 munere,
1258 3822 1286 3869 et

448 4001 484 4060 (l)
502 3998 574 4046 Joan.
586 4013 610 4046 x.
626 3999 664 4045 15.
683 4001 723 4048 28.

449 4087 487 4143 (2)
505 4083 577 4153 Jopn.
588 4083 621 4131 vi.
634 4082 675 4131 39.

451 4170 488 4226 (3)
506 4167 578 4216 Joan.
590 4168 624 4216 iii.
639 4171 678 4216 15.

450 4251 488 4310 (4)
506 4250 570 4298 Heb.
582 4250 608 4298 ii.
621 4253 644 4297 9.

453 4338 490 4397 (5)
509 4335 582 4384 Joeu.
594 4336 653 4384 xvii.
666 4339 693 4384 9.

454 4422 492 4480 (6)
511 4420 582 4469 Jouu.
593 4419 627 4468 xi.
638 4421 680 4469 42.

449 4507 487 4565 (7)
505 4503 588 4554 Tract.
600 4519 639 4553 cx.
650 4503 677 4552 in
687 4503 759 4553 Joen.

135 4558 138 4567 Ι
205 4586 281 4646 Vct.
296 4585 417 4645 11.-22
