2744 5024
80 278 139 331 196
417 270 476 330 DE
496 270 740 330 mstcuto
757 268 955 329 ioannis.

78 430 197 487 elem
211 430 297 485 usius
313 428 369 485 Dei
382 422 1247 502 mammonammnntattmntudetetptatt

77 528 216 585 baux:
233 525 314 583 Deir
328 526 484 583 mutnus.
496 524 569 601 Ego
581 533 609 581 et
623 523 718 581 Peter
731 542 828 581 ιιιιιιι
840 540 972 581 m:
985 536 1017 579 et
1029 523 1131 579 iterum
1141 522 1173 579 de
1183 523 1248 590 Patre,

77 620 685 697 FilimetspiriauSanctoneriptumevt:
706 618 1069 677 «Mammium.
1090 618 1249 694 Nonetgou
1301 642 1309 669 ι

77 720 167 775 tritu
176 720 403 793 pambusunum
412 720 535 776 wlimus
548 717 900 792 venumdamur-ntia
912 716 984 774 fidei
994 716 1124 793 regulam
1133 716 1250 772 retinentur

79 813 240 889 perfectam
255 818 520 889 consempiternum
541 816 649 872 filiurn
669 812 707 871 de
730 813 901 889 perlectoet
921 814 1101 888 sempiterno
1120 812 1203 878 Patre,
1213 812 1254 868 siut
1307 816 1310 845 ¹

79 910 161 965 initio
184 912 324 985 genitum,
344 928 375 967 et
398 926 537 987 potestate
560 930 620 967 non
641 912 793 985 imparem,
817 924 847 965 et
868 920 971 966 nattrra
992 910 1117 966 intemm
1138 907 1256 980 equalem,

79 1006 221 1063 Sanctum
242 1025 358 1078 quoque
380 1010 521 1082 Spiritum
543 1024 601 1063 uon
622 1006 701 1061 alrud
722 1006 846 1062 latemur
863 1024 930 1062 esse
952 1024 1041 1076 quarn
1062 1005 1175 1071 Deum
1193 1020 1257 1061 ueta

81 1104 156 1161 fiio
171 1122 225 1160 uec
238 1124 255 1159 s
270 1104 354 1160 Patre
368 1102 524 1158 diversum.
536 1120 592 1157 uec
607 1104 636 1157 in
652 1102 740 1165 filio,
755 1120 809 1158 uec
822 1103 853 1158 iu
876 1103 961 1159 Patre
974 1100 1173 1158 confusum.”¹

123 1204 190 1257 179.
213 1198 285 1255 lilud
300 1200 387 1271 igitur
399 1214 452 1270 pro
465 1210 614 1270 comperto
627 1196 791 1253 babendum
805 1214 959 1253 censemus
970 1196 1106 1251 extitisse
1117 1194 1257 1252 verriculum

81 1295 116 1350 de
131 1312 189 1365 quo
203 1294 324 1364 quatio
338 1294 367 1348 in
381 1294 551 1349 recensione
564 1293 709 1357 Africana,
724 1308 754 1350 et
768 1295 799 1350 in
814 1294 1013 1349 vetustissima
1024 1293 1157 1350 versione
1175 1291 1259 1353 Latina

80 1392 108 1445 in
124 1388 220 1445 Africa
233 1388 316 1451 iacta,
331 1388 430 1444 seculo
444 1387 546 1445 saltem
559 1389 705 1447 secundo:
721 1388 801 1462 quod
812 1408 884 1446 sane
896 1406 1006 1465 unguo
1018 1386 1171 1445 autltentin
1180 1385 1261 1444 iuditio

78 1498 132 1541 eat.

124 1584 191 1637 18⁰.
214 1581 360 1637 Caeterum
374 1600 432 1637 uon
446 1580 662 1639 dissimulamus
682 1601 751 1639 eum
772 1582 930 1639 desiderari
943 1582 973 1638 in
989 1580 1160 1653 quibusdam
1179 1580 1261 1637 latina

84 1694 134 1732 seu
158 1676 237 1734 ltalae
252 1678 395 1734 versionis
408 1678 633 1753 exemplaribus.
647 1677 726 1735 unde
745 1679 853 1736 iactum
873 1692 906 1735 ut
926 1678 1060 1736 nonnulli
1080 1688 1172 1753 patres
1191 1673 1261 1733 baini

81 1790 147 1830 eum
164 1773 406 1849 praetermiserint.
445 1774 519 1831 Illud
534 1776 691 1850 contigisse
705 1775 870 1831 verosimile
882 1786 938 1842 est,
952 1773 1031 1846 quod
1045 1772 1117 1831 Itala
1130 1773 1214 1829 versio
1228 1768 1261 1826 vel

85 1886 123 1924 ex
146 1869 246 1926 codice
268 1870 373 1927 Gracc
394 1872 424 1927 iu
438 1890 497 1943 quo
516 1890 586 1927 casu
603 1870 817 1927 desiderabatur
836 1870 911 1926 lacta
922 1871 971 1936 sit,
992 1869 1139 1941 aliquanto
1151 1866 1263 1925 neuun

88 1966 222 2022 versione
236 1967 381 2029 Africana.
394 1967 511 2039 quaudo
524 1966 635 2023 scilicet
648 1967 759 2024 Graecae
772 1967 879 2042 linguae
893 1967 996 2024 notitia
1007 1983 1068 2023 uon
1082 1964 1155 2022 adeo
1168 1959 1263 2038 vulgarit
1308 2000 1310 2017 .

84 2070 145 2118 erat
157 2063 234 2138 apud
248 2063 353 2120 ltalos:
369 2064 413 2121 vel
425 2064 521 2139 potius
530 2063 608 2135 quod
621 2063 757 2121 Africana
766 2063 861 2120 versio
874 2061 911 2118 ad
924 2061 1038 2118 ltaliam
1051 2060 1185 2119 translata
1193 2053 1261 2116 coditi

88 2157 257 2234 buJ‘usmodi
273 2159 378 2216 Gracco
391 2159 476 2215 tuerit
489 2158 714 2216 accommodata.
756 2158 902 2215 Caeterum
917 2157 1023 2233 injuria
1035 2156 1126 2214 fuisse
1139 2154 1261 2213 sublatum
1293 2146 1310 2157 '¹

85 2256 251 2315 vetustioris
264 2256 384 2323 codicis,
398 2273 436 2312 ex
449 2273 508 2328 quo
521 2256 655 2312 Africana
665 2256 761 2313 versio
773 2255 848 2312 iacta
860 2265 931 2319 erat,
944 2272 1000 2311 uos
1013 2252 1117 2311 suadet
1129 2249 1262 2310 auctorita,
1308 2248 1310 2253 ’

86 2352 162 2409 sicut
175 2363 205 2412 et
217 2353 360 2411 sermonis
374 2362 536 2409 contextus.

126 2451 195 2506 181.
216 2448 390 2506 Necessario
412 2445 618 2505 admittendum
631 2445 744 2503 videtur
761 2445 937 2504 versiculum
957 2446 1041 2504 illurn
1063 2447 1102 2503 ab
1122 2440 1262 2516 antiquitate

83 2541 166 2600 valde
180 2555 288 2602 remma
301 2543 448 2603 codicibus
463 2543 607 2618 plerisque
621 2542 733 2600 Graecis
747 2542 894 2608 deluisse;
907 2560 976 2599 nam
986 2542 1054 2600 ideo
1067 2544 1099 2600 in
1108 2536 1262 2599 versionibus

84 2639 241 2715 plerisque,
256 2652 285 2697 et
298 2650 409 2715 patrum
424 2640 537 2716 scriptis
552 2639 736 2696 desideratur.
769 2639 828 2696 Sed
842 2638 1009 2714 hujusmodi
1025 2640 1054 2695 in
1068 2657 1102 2694 re
1116 2637 1180 2714 plus
1193 2632 1265 2691 valete

83 2737 167 2793 debet
180 2739 265 2794 unius
279 2737 456 2795 recensionis
471 2736 612 2793 Africanae
626 2738 787 2801 auctoritas,
802 2747 831 2791 et
850 2754 950 2792 comm
971 2736 1021 2806 qni
1036 2755 1071 2792 ca
1088 2736 1136 2792 usi
1160 2742 1267 2804 suntpa·

84 2841 151 2896 tres,
166 2850 252 2902 quam
267 2830 399 2888 codicum
413 2841 442 2887 et
464 2842 574 2905 patmm
599 2840 786 2887 caeterorum:
809 2831 877 2901 quia
895 2829 1066 2906 positinum
1091 2826 1268 2886 testimonium

83 2930 217 3003 negativo
241 2936 410 3000 argumento
431 2927 516 3002 longe
539 2928 707 3002 plerumque
730 2926 873 3002 praevalet,
895 2925 971 2997 quod
993 2925 1029 2981 de
1055 2924 1224 2982 testimoniis
1240 2932 1269 2973 εἰ

85 3023 214 3096 epistolis
229 3023 377 3078 catholicis
391 3021 550 3096 desumptis
566 3024 723 3096 praesertim
738 3021 890 3078 dicendum
905 3032 959 3086 est,
972 3039 1065 3092 quum
1080 3021 1227 3095 pauciores
1236 3030 1277 3070 su·

84 3116 193 3192 peraint
219 3117 332 3172 codices
347 3117 451 3186 quibus
464 3119 654 3183 continentur,
675 3130 705 3172 et
726 3119 815 3174 rarius
837 3137 854 3173 a
874 3117 1006 3174 Patribus
1027 3116 1161 3173 citantur.
1201 3107 1271 3181 Quod

85 3219 178 3267 aulem
194 3209 347 3280 nequidem
361 3210 440 3265 citari
455 3211 636 3265 consueverit
649 3230 667 3265 a
688 3212 834 3285 plerisque
855 3213 987 3270 Patribus
1000 3213 1155 3269 occasione
1176 3224 1275 3269 concer-

85 3306 222 3361 tationum
238 3303 273 3360 de
287 3303 392 3359 divinis
407 3306 548 3379 personis,
562 3305 736 3378 probabilem
751 3309 819 3363 satis
832 3308 954 3364 admittit
964 3307 1199 3381 explicationem:
1213 3300 1277 3377 quod

85 3401 195 3457 scilicet
209 3399 253 3457 uel
267 3398 302 3456 tle
318 3398 436 3456 Christo
450 3399 526 3466 Deo,
541 3400 585 3456 vel
600 3400 636 3457 de
651 3400 759 3476 Spiritu
782 3404 888 3459 Sancto
909 3402 1079 3476 plerumque
1094 3403 1239 3477 agebatur,
1254 3410 1279 3454 et

89 3508 194 3576 praesto
208 3510 287 3556 crant
301 3498 423 3575 plurima
437 3499 472 3555 de
487 3510 607 3571 utroque
622 3500 759 3574 specialia
774 3500 950 3555 testimonia.
972 3499 1044 3555 Post
1058 3499 1208 3571 utriusque
1222 3496 1282 3554 divi·

86 3598 202 3657 uitatem
219 3596 400 3663 vindicatam,
416 3596 556 3653 celebrius
571 3597 661 3652 evasit
674 3596 778 3671 dogma
793 3595 953 3662 Trinitatis,
968 3594 1003 3650 ad
1018 3593 1096 3666 quod
1111 3592 1284 3669 probandum

84 3698 147 3771 jure
162 3697 272 3770 optimo
286 3693 582 3751 adhibericonsuevit.
604 3694 746 3749 Praeterea
758 3704 871 3748 constat
881 3693 987 3749 rariom
998 3691 1088 3748 luisse
1103 3691 1284 3767 epistolarum

85 3789 286 3847 catholicarum
312 3790 496 3866 exemplaria,
519 3789 643 3861 ideoque
668 3789 832 3862 contingere
856 3787 939 3844 facile
965 3787 1106 3862 potuisse,
1132 3796 1165 3844 ut
1191 3787 1287 3844 Patres

85 3885 182 3963 plures
197 3885 353 3955 codicibus,
368 3887 398 3944 in
413 3886 515 3959 quibus
531 3885 655 3949 deerant,
668 3895 822 3948 uterentur,
837 3882 882 3938 vel
898 3881 1056 3959 exemplari
1072 3882 1171 3955 aliquo
1186 3883 1216 3939 iu
1231 3898 1286 3954 quo

85 3982 243 4041 versiculus
255 3982 303 4040 ille
311 3982 530 4040 desiderabatur.
552 3982 694 4039 Praeterea
702 3979 785 4035 obvia
793 3988 837 4035 est
846 3978 914 4036 ratio
924 3997 977 4051 qua
991 3979 1112 4035 omissio
1124 3978 1286 4054 contigeritt

87 4077 233 4137 difficiles
255 4086 352 4133 contra
372 4077 540 4150 concipitur,
556 4074 711 4147 quomodo,
727 4075 841 4131 nemine
863 4073 1050 4137 reclamante,
1066 4073 1096 4130 iu
1116 4081 1230 4135 textum
1250 4073 1290 4130 in·

87 4172 188 4233 ductus
202 4172 286 4231 fucrit
299 4171 467 4237 versiculus,
481 4182 509 4228 et
523 4171 552 4227 in
567 4170 681 4246 publico
696 4169 866 4227 documento
879 4168 1031 4227 adhibitus.

124 4445 161 4505 (1)
179 4443 209 4496 In
221 4445 261 4495 lib.
270 4458 332 4510 resp.
343 4448 434 4494 eontra.
442 4439 557 4491 Arianos.
568 4440 610 4492 Sic
621 4441 695 4493 etiuut
707 4441 746 4494 lib.
758 4443 789 4492 do
799 4441 920 4493 Trinitate
931 4456 953 4493 o.
963 4442 989 4491 t.
1000 4448 1025 4491 et
1032 4440 1060 4492 in
1068 4440 1167 4497 dolena,
1172 4442 1231 4494 tuot
1242 4443 1295 4497 tlt.

87 4525 193 4581 Plutum
