2744 5024
100 255 175 315 110·
325 272 330 277 ·
367 252 427 315 nt:
445 249 548 313 thou
569 246 742 311 CHRISTI
761 244 1026 311 murtrum,

79 415 162 491 petra
172 408 572 489 utoognoeountteetlerum
579 403 1301 486 Christumquern'mirirti,rolumuemmllrttm.¹

38 558 43 565 .
99 507 232 568 Proiecto
244 526 281 567 eo
290 507 347 566 loei
357 506 429 567 dieit
441 524 474 567 re
484 506 603 584 gloriam
615 505 690 582 apud
702 504 816 564 Patrem
830 504 976 574 hahuisse,
990 514 1021 564 et
1032 524 1050 564 a
1063 506 1155 565 Patre.
1164 504 1302 564 dilectum

98 614 163 665 ante
176 603 323 664 eonditum
336 602 495 671 mundum
517 601 594 675 quod
608 602 702 661 innuit
713 603 854 679 ejusaem
870 602 955 683 Patre
966 603 1122 661 unitatem:
1144 601 1301 669 nonenim,

97 700 155 759 nisi
167 699 197 758 ri
211 699 362 759 manifesta
375 699 469 759 verbis
483 698 570 767 illata,
592 706 688 776 potest
699 697 820 775 intelligi
833 697 870 757 de
883 698 999 757 decreto
1020 698 1115 757 Patria
1128 708 1162 756 ut
1180 684 1301 775 81011111

98 795 191 855 Filius
204 796 273 855 olim
288 796 441 873 reciperet,
460 793 513 852 aed
535 794 698 853 necessario
711 792 830 851 refertur
844 791 880 850 ad
901 793 1021 871 gloriam
1035 811 1100 867 qne
1113 811 1211 852 rerum
1225 808 1303 850 eree·

97 891 205 951 tionern
226 891 389 952 anteeesoit.
431 888 597 947 “Cluilius
620 906 668 947 rae
689 898 730 957 tu,
753 888 849 957 Pater,
863 887 942 965 apud
954 889 1150 966 temetipsum,
1176 885 1301 945 cheina

98 987 291 1074 quamthabui
312 987 392 1065 prius
413 1004 500 1061 quam
520 984 647 1044 mundus
659 993 736 1043 esset
755 983 831 1061 apud
851 984 911 1043 te.”
946 993 973 1035 ,⁸⁴
983 985 1079 1053 Pater,
1099 1002 1179 1057 quos
1193 977 1300 1042 dedisti

97 1083 182 1152 mihi,
196 1080 264 1145 delo
276 1094 307 1142 ut
320 1083 369 1141 uhi
383 1100 447 1141 sum
461 1099 529 1158 ego,
541 1091 571 1139 et
584 1080 626 1138 illi
639 1081 698 1138 sint
711 1098 837 1148 meeum,
851 1089 884 1139 ut
896 1079 1011 1139 rideant
1023 1080 1185 1138 claritatem
1196 1094 1299 1145 measa,

99 1197 185 1253 quam
199 1177 303 1237 dedisti
317 1178 399 1245 mihi,
413 1177 480 1250 quia
493 1175 620 1235 dilexisti
634 1194 680 1234 me
694 1186 760 1234 ante
773 1176 1007 1235 constitutionem
1026 1175 1162 1235 mundi.”
1216 1172 1301 1243 Quod

98 1272 174 1351 apud
189 1274 303 1331 Patrem
317 1273 347 1330 in
362 1272 452 1349 gloria
466 1271 550 1329 luerit
560 1281 624 1330 ante
639 1271 786 1331 eonditum
801 1271 939 1331 mundum
953 1271 1110 1331 affirmatur
1129 1270 1299 1351 manliam

98 1379 127 1428 et
147 1367 224 1442 quod
244 1369 309 1451 ipse
328 1377 359 1426 et
378 1368 465 1429 Pater
483 1386 573 1427 ouum
593 1368 661 1438 sint,
686 1369 773 1428 Pater
792 1369 822 1427 in
843 1369 918 1446 ipso,
939 1369 1044 1446 etipse
1058 1369 1089 1427 in
1109 1370 1198 1429 Patre
1216 1368 1300 1427 edan

97 1462 225 1532 traditur,
250 1464 376 1522 oratione
397 1463 461 1522 sura
481 1474 512 1521 ut
531 1462 666 1540 discipuli
686 1465 811 1537 aliquam
830 1463 1047 1523 similitudinem
1077 1465 1166 1542 hujus
1186 1463 1301 1525 unitatis

97 1560 269 1619 exhibeant:
291 1561 386 1618 unitas
408 1559 494 1637 igitur
511 1570 618 1619 natura
638 1571 667 1618 et
689 1559 823 1619 divinitae
837 1560 906 1618 Filii
920 1559 986 1619 inde
1000 1560 1154 1637 colligitur.

140 1661 208 1715 108.
233 1655 301 1736 obj.
319 1660 366 1715 12.
387 1655 545 1734 Apostolus
559 1657 671 1729 quoties
683 1655 718 1713 de
730 1656 814 1714 Patre
828 1666 858 1715 et
870 1656 941 1716 Jesn
954 1655 1073 1715 Christo
1087 1657 1120 1715 fit
1129 1674 1238 1725 sermo,
1249 1654 1301 1715 Pa·

99 1765 172 1812 trem
184 1765 268 1813 vocat
280 1753 388 1821 Deum,
403 1761 432 1811 et
442 1752 544 1813 Jesum
559 1751 708 1812 Christum
721 1753 767 1810 rel
782 1753 862 1811 nullo
874 1753 956 1813 titulo
970 1762 1061 1822 ornat,
1083 1754 1129 1812 rel
1143 1753 1301 1813 Dominum

100 1852 241 1942 appellat:
263 1862 283 1890 ‘⁸
295 1852 379 1911 Unus
393 1851 474 1911 Deus
489 1852 575 1911 Pater
587 1869 625 1909 ex
640 1850 819 1923 quaomnia,
834 1861 930 1910 atnoe
947 1851 977 1909 in
991 1850 1091 1919 illum3
1112 1849 1142 1910 'et
1155 1869 1234 1911 unus
1246 1850 1303 1910 Do·

98 1948 196 2006 minus
210 1947 298 2006 Jesus
312 1947 448 2005 Christus
463 1965 513 2023 per
527 1964 612 2019 quem
628 1945 735 2014 omnia,
749 1955 779 2003 et
791 1963 845 2004 noa
858 1964 911 2023 per
923 1946 1068 2024 iprum.”¹

142 2046 210 2101 100.
230 2042 321 2119 Reep.
341 2042 409 2100 Jam
431 2042 526 2098 verbis
540 2039 711 2098 Tertulliani
725 2043 915 2118 exposuimus
935 2043 1072 2102 rationem
1092 2061 1144 2103 eur
1169 2042 1303 2103 Christus

101 2137 253 2196 Dmninua
265 2135 384 2203 diamur,
399 2133 514 2207 quando
524 2153 581 2193 una
595 2153 660 2192 eum
675 2135 761 2194 Patre
772 2138 945 2206 nominatur,
950 2138 1067 2197 eoilioet
1080 2147 1112 2196 ut
1124 2139 1222 2197 unitas
1236 2138 1304 2198 diri·

99 2249 146 2291 nae
159 2240 266 2288 naturae
283 2239 427 2306 appareat,
448 2238 478 2287 et
496 2229 615 2307 originis
632 2230 748 2289 relatio.
789 2232 935 2297 Caeterum
956 2233 1029 2292 hone
1049 2234 1252 2293 animadvertit
1271 2234 1303 2295 S.

100 2325 288 2383 Ambrosius:
312 2333 333 2361 ‘⁸
343 2323 675 2390 Quemadmodumoum
685 2326 808 2404 legimus
823 2327 982 2389 Dominum
992 2328 1106 2399 Jesnm,
1122 2347 1177 2388 neo
1192 2330 1305 2390 Patren

100 2441 117 2481 a
129 2419 332 2479 dominationis
350 2421 414 2500 jure
428 2421 616 2489 secernimus,
630 2421 749 2495 quodsi
764 2443 917 2484 commune
930 2444 996 2485 oum
1010 2426 1087 2485 Filio
1104 2435 1168 2485 est:
1191 2427 1230 2485 ita
1240 2444 1305 2486 eun

99 2516 223 2593 legimus
244 2514 338 2575 solum
352 2534 450 2576 rerum
474 2517 570 2575 Deum
589 2518 719 2586 Patrem,
745 2537 798 2578 nee
819 2520 957 2580 Filinma
974 2512 1066 2591 solius
1085 2522 1145 2580 reri
1167 2521 1225 2581 Dei
1241 2523 1306 2600 juro

100 2631 256 2691 possumus
271 2630 413 2690 separare,
425 2612 503 2687 quod
516 2615 543 2672 ei
558 2633 710 2673 commune
725 2634 789 2674 cum
802 2617 885 2675 Patre
899 2617 991 2676 est.”⁸
1030 2618 1178 2691 Equidem
1189 2637 1246 2677 vox
1259 2619 1307 2678 illa

101 2731 179 2780 κυρως
200 2710 299 2769 eadem
314 2722 359 2769 est
382 2728 439 2786 qua
458 2713 639 2789 septuaginta
663 2713 831 2791 interpretes
856 2713 1037 2774 reddiderunt
1051 2734 1157 2776 nomen
1184 2715 1242 2775 Dei
1266 2717 1306 2776 in·

101 2802 326 2899 effabilefllr'll·
372 2829 449 2888 Cum
464 2849 498 2888 ea
512 2830 701 2907 appellatione
719 2832 867 2909 conjungit
887 2833 1044 2910 Apostolus
1066 2835 1162 2911 gratiae
1184 2834 1306 2913 largitio·

102 2947 188 2987 nem:
211 2936 231 2964 ‘⁶
245 2927 347 2985 Gratia
360 2927 479 2985 Domini
494 2928 584 2985 nostri
594 2927 664 2986 lesu
681 2927 790 2987 Christi
805 2947 871 2987 oum
886 2930 1019 2989 omnibus
1035 2932 1126 2989 robis.
1171 2932 1308 2992 Amen.'’⁴

102 3025 290 3082 Anathemate
304 3021 369 3078 serit
382 3040 448 3080 eum
470 3022 688 3095 qui'Christum
702 3023 863 3083 Dominum
878 3045 935 3085 non
950 3027 1043 3104 diligit
1058 3047 1065 3085 :
1085 3028 1152 3088 “si
1168 3030 1307 3102 quianon

103 3129 179 3178 amat
197 3117 356 3175 Dominum
378 3126 506 3175 nostrum
527 3119 627 3178 lesum
637 3120 804 3190 Ghristum,
825 3122 864 3180 sit
883 3122 1043 3192 anathema,
1061 3125 1162 3183 Maian
1186 3124 1309 3185 Atha.”⁸

103 3214 178 3273 liaeo
193 3221 267 3270 certe
282 3229 447 3288 supremum
463 3212 622 3272 Dominum
637 3214 797 3292 designant.

146 3313 213 3368 110.
239 3305 371 3386 obj.1a.
393 3309 549 3386 Apostolus
571 3329 636 3368 eum
658 3314 789 3391 emphasi
808 3313 936 3393 'quadam
953 3315 1072 3374 Patrem
1094 3316 1191 3376 solum
1212 3318 1307 3378 Deum

104 3406 191 3464 dicit:
215 3403 306 3461 “Soli
321 3405 443 3480 sapienti
458 3404 522 3463 Deo
537 3425 588 3483 per
600 3407 702 3466 lesum
717 3409 877 3479 Christum,
892 3412 1046 3470 cui'honor
1059 3421 1088 3470 et
1104 3411 1195 3489 gloria
1212 3414 1243 3474 in
1256 3433 1309 3475 se·

104 3501 168 3559 cula
180 3498 360 3558 saeoulorum.
382 3500 522 3560 Amen.”⁰
563 3502 667 3580 “Regi
687 3513 782 3562 autem
796 3505 965 3564 saeculorum
980 3508 1144 3579 immortali,
1160 3510 1307 3580 inrisibffi,

30 3584 33 3589 ’
105 3599 159 3658 soli
175 3599 249 3665 Deo,
265 3598 356 3656 honor
369 3606 399 3655 et
412 3599 502 3676 gloria
516 3600 544 3657 in
558 3601 663 3658 saeoula
676 3602 858 3661 saeculorum.
879 3603 1021 3662 111111111.”1

147 3700 215 3753 111.
236 3693 326 3770 Reep.
348 3692 441 3752 Priori
455 3695 518 3753 loco
529 3695 647 3759 Christo
661 3697 750 3774 gloria
765 3698 794 3756 in
809 3717 902 3759 aevum
918 3702 1057 3770 tribuitur,
1072 3702 1096 3759 si
1112 3703 1199 3762 o'hvio
1210 3705 1308 3764 verbo·

104 3787 271 3850 rum'nexui
293 3789 472 3850 inhaereatur.
515 3792 599 3860 Quod
622 3793 647 3852 si
668 3794 732 3868 quis
747 3796 930 3876 contendatp
944 3796 1003 3865 cut,
1026 3797 1062 3855 ad
1084 3797 1179 3858 Deum
1200 3801 1308 3869 referri,

275 3984 317 4048 (l)
337 3949 431 4034 similia
442 3984 548 4035 inversio
564 3986 673 4038 habetur.
710 3992 721 4035 l
735 3988 807 4040 loon.
818 3989 853 4041 iil.
867 3993 906 4040 10.
940 3989 1018 4055 apoc.
1030 3989 1081 4039 xxi.
1093 3992 1135 4041 22.

274 4069 313 4129 (2)
332 4069 343 4118 1
356 4067 413 4118 (lor.
425 4069 474 4118 viii.
487 4073 510 4118 o.

274 4153 311 4214 (3)
329 4150 393 4200 lav·
410 4152 578 4215 defide,e.ii.

275 4235 313 4296 (4)
331 4235 402 4285 Rom.
413 4237 464 4286 xvi.
478 4239 517 4288 14.
609 4291 617 4307 ⁴

274 4321 311 4382 (h)
329 4317 525 4387 Ionnaria
568 4346 576 4359 x
619 4382 624 4392 ι

274 4407 312 4467 (u)
330 4405 401 4455 Rom.
413 4405 464 4456 xri.
475 4410 516 4456 27.

285 4494 312 4554 1)
330 4477 448 4543 ruunt
460 4494 500 4543 11.
