2730 5018
320 277 386 367 Dux
400 277 651 340 ntvttttu'nru
673 278 864 341 SPIRITUS
885 281 1051 344 SANCTI.
1233 291 1291 347 155

198 689 343 752 ctPU'r
363 692 404 753 11.
444 694 501 753 DE
524 694 775 755 DlVlNlTATF.
799 696 989 756 SPIRITUS
1010 698 1176 758 SANCTI.
1228 764 1230 768 ,

87 924 90 929 .
128 853 176 907 50.
198 849 272 916 Quae
289 849 428 926 Spiritum
442 850 580 909 Sanctum
590 851 745 910 subsistere
755 854 884 929 probant,
896 870 929 910 ea
941 854 1077 930 pleraque
1088 855 1213 914 divinam
1227 857 1290 933 ejus

91 959 216 1005 naturam
231 945 405 1005 ostendunt:
427 964 513 1020 quam
527 957 623 1005 tamen
636 966 725 1020 quum
740 950 937 1008 vehementius
960 952 1231 1029 impugnaverintet
1244 970 1292 1011 re·

93 1051 163 1099 teres
177 1051 208 1098 ct
220 1042 396 1100 recentiores
415 1041 551 1106 heretici,
566 1042 720 1118 specialius
735 1044 878 1103 vindicare
893 1057 1015 1122 oportet.

603 1216 787 1257 Puorostuto.

88 1404 91 1409 >
124 1367 263 1447 Spiritus
280 1370 409 1430 Sanctus
422 1389 511 1431 uerus
524 1378 568 1430 eat
582 1370 676 1441 Deua,
699 1373 829 1452 quadem
843 1394 878 1434 oo
890 1375 985 1436 Pater
999 1385 1026 1436 et
1039 1375 1140 1435 Illius
1154 1375 1290 1436 substau-

84 1466 146 1535 rio,
161 1466 244 1526 idem
258 1467 352 1527 Dour.

120 1562 319 1623 Prooarrcrl.
335 1583 371 1624 ea·
388 1563 564 1643 Scriptura.

120 1663 172 1716 51.
185 1659 333 1729 Christus,
342 1662 499 1739 Apostolos
510 1662 627 1720 mittens
635 1663 669 1721 ad
679 1663 840 1724 docendum
852 1677 880 1724 et
890 1665 1095 1743 baptizandum
1108 1676 1218 1743 gentes,
1228 1667 1291 1725 dix·

77 1753 121 1810 it:
144 1755 354 1832 “baptizantes
368 1775 418 1815 eos
433 1757 462 1814 iu
477 1756 593 1815 nominc
608 1758 712 1826 Patris,
725 1770 753 1816 et
766 1760 844 1827 Filii,
858 1772 885 1818 et
896 1761 1020 1837 Spiritus
1035 1760 1180 1819 Sancti.”1
1198 1767 1291 1826 βαπτι-

75 1846 166 1912 ζοκες
177 1850 267 1914 ὀποὺς
274 1855 309 1914 a,
318 1856 348 1906 τὸ
357 1856 433 1921 ὄνομα
443 1868 487 1907 sou
497 1859 589 1920 nuruis
599 1856 641 1908 soi
653 1856 698 1909 roi
709 1855 761 1908 υἱοῦ
772 1857 814 1908 zoi
827 1858 871 1911 rori
882 1854 952 1926 dryt'ou
963 1857 1108 1925 πνεύματος·
1142 1854 1247 1928 Liquet
1256 1854 1291 1911 de

76 1942 181 2013 Patre,
195 1944 281 2013 Filio,
296 1957 324 2005 et
337 1947 445 2023 Spiritu
460 1946 577 2021 sancto,
592 1948 691 2005 eadem
707 1949 825 2016 ratione,
840 1958 949 2007 etcum
964 1950 1063 2008 eadem
1078 1950 1221 2027 emphasi,
1233 1970 1291 2008 ser·

76 2059 202 2102 monem
214 2043 262 2101 hic
276 2044 348 2112 fieri,
363 2057 393 2102 et
405 2044 578 2121 baptismum
590 2045 625 2102 iis
638 2045 776 2103 invocatis
789 2045 1054 2105 administrandum.
1082 2048 1178 2114 Quum
1194 2057 1290 2106 autem

75 2136 245 2216 baptismus
256 2140 307 2197 liat
319 2141 349 2198 in
364 2141 562 2199 remissionem
575 2155 767 2218 peccatorum,
783 2143 907 2218 Spiritus
919 2144 1017 2201 Sancti
1028 2146 1204 2213 auctoritate,
1219 2147 1293 2221 pari·

78 2247 125 2296 ter
135 2256 172 2296 ac
185 2238 279 2299 Patris
294 2246 323 2296 st
338 2238 416 2306 Filii,
429 2239 504 2297 ablui
518 2250 634 2315 peccata
648 2249 767 2297 constat.
797 2240 853 2297 Est
867 2240 952 2316 igitur
965 2242 1057 2310 Deus,
1073 2242 1155 2318 cujus
1168 2253 1213 2299 est
1225 2260 1292 2318 pec·

80 2341 147 2393 cata
161 2331 268 2390 delere.
310 2332 453 2392 Praeterea
467 2334 593 2392 credenti
616 2334 855 2394 administrandus
869 2347 913 2394 est
933 2338 1102 2413 baptismus;
1127 2337 1192 2395 ideo
1214 2341 1291 2396 enim

80 2427 221 2507 praecedit
234 2426 396 2506 predicatio
412 2440 441 2489 et
455 2428 593 2498 doctriua,
602 2440 634 2487 ut
647 2431 696 2503 qui
710 2431 901 2509 Evangelium
917 2432 1045 2500 audiunt,
1063 2433 1210 2491 credentes
1224 2434 1291 2511 bap·

83 2526 172 2584 tismo
186 2525 351 2584 Ecclesiam
363 2525 567 2604 ingrediantur.
609 2527 688 2605 Ergo
700 2528 730 2585 in
742 2528 867 2597 Patrem,
880 2530 999 2598 Filium,
1012 2541 1041 2587 et
1052 2530 1189 2605 Spiritum
1204 2530 1291 2590 Sauc-

84 2631 156 2690 tum,
172 2624 278 2698 pariter
291 2622 476 2692 credendum,
491 2634 589 2702 utpote
604 2612 733 2701 ejusdem
748 2626 891 2703 potentiae,
907 2638 1023 2694 naturae,
1038 2636 1067 2683 et
1080 2627 1250 2702 majestatis.

32 2760 36 2765 -
53 2734 59 2747 ·
123 2722 173 2776 52.
198 2716 338 2776 Audiatur
353 2706 508 2777 Faustinus
529 2719 663 2796 preclare
677 2719 731 2778 hac
753 2720 787 2777 dc
802 2739 832 2778 re
847 2720 1008 2778 disserens:
1032 2719 1141 2777 “Cum
1162 2719 1291 2798 precipit

85 2814 240 2878 Dominus,
255 2824 287 2872 ut
300 2823 399 2892 gentes
410 2815 442 2873 in
457 2816 574 2873 nomine
589 2816 692 2884 Patris,
708 2826 736 2874 et
749 2816 826 2884 Filii,
842 2827 870 2874 et
892 2817 1016 2893 Spiritus
1032 2816 1130 2873 Sancti
1146 2816 1292 2891 baptizen-

85 2919 136 2976 tur,
153 2909 368 2986 apertissimum
384 2918 428 2968 est
443 2911 582 2987 Spiritum
605 2912 742 2969 Sanctum
766 2930 825 2969 non
840 2930 904 2969 esse
918 2921 1085 2979 creaturam,
1109 2911 1207 2969 velex
1227 2911 1291 2985 ipsa

84 3004 230 3072 socictate,
245 3023 309 3078 quae
324 3005 366 3063 illi
392 3024 527 3063 unacum
544 3006 627 3063 Patra
642 3017 671 3062 et
691 3005 766 3062 Filio
781 3017 844 3062 est:
867 3006 912 3063 vel
927 3005 1002 3078 quod
1018 3024 1174 3078 numquam
1190 3006 1289 3082 praeci·

29 3124 31 3141 =
83 3109 163 3176 peret
177 3099 334 3168 Dominus,
348 3109 380 3158 ut
394 3101 422 3159 in
436 3110 570 3158 creaturae
585 3101 702 3158 nomine
717 3100 819 3173 aliquis
834 3102 1033 3176 baptizaretur.
1069 3101 1196 3160 Multum
1212 3101 1290 3158 euim

82 3194 189 3253 divinae
203 3197 338 3272 potentiae
350 3196 541 3274 derogaretur,
553 3197 654 3255 sicum
670 3197 851 3254 consessione
863 3196 952 3254 divini
964 3197 1099 3264 nominis,
1113 3216 1164 3273 par
1175 3215 1291 3271 quoque

83 3301 221 3350 creature
233 3287 377 3351 consessio
392 3301 554 3368 poneretur.
596 3292 637 3350 Et
650 3294 733 3359 bene,
749 3291 826 3366 quod
839 3311 929 3352 uuum
943 3311 1048 3351 nomen
1064 3294 1159 3369 posuit
1173 3293 1288 3350 dicens:

79 3387 117 3446 ln
133 3387 254 3445 nomine
267 3387 370 3454 Patris,
385 3398 414 3446 et
426 3387 505 3455 Filii,
520 3397 549 3445 et
562 3387 686 3464 Spiritus
702 3387 817 3455 Sancti;
838 3397 870 3445 ut
883 3407 941 3445 una
959 3388 1125 3465 principalia
1140 3388 1291 3447 auctoritas

80 3482 250 3544 crederetur
262 3482 455 3552 indivisibilis,
469 3494 497 3541 et
511 3483 642 3561 persectae
656 3483 855 3542 Trinitatis.'’⁹

127 3587 180 3640 53.
203 3582 316 3641 illustre
331 3582 435 3640 divine
450 3582 574 3660 Spiritus
589 3582 687 3639 Sancti
702 3583 842 3659 majestati
857 3580 1051 3638 testimonium
1064 3580 1126 3637 tulit
1141 3579 1288 3646 Christus,

77 3682 238 3741 occasione
251 3680 404 3758 desumpta
418 3700 455 3739 ex
470 3680 645 3757 malignitate
660 3680 883 3742 Pharisaeorum.
898 3677 994 3735 divina
1008 3695 1071 3749 quae
1086 3676 1212 3752 patrabat
1227 3693 1290 3752 pro·

79 3777 163 3854 digia
177 3777 341 3836 daemonum
357 3777 482 3854 principi
497 3777 689 3835 tribuentium.
716 3776 801 3835 Hanc
814 3775 1022 3851 blasphemiam
1038 3783 1136 3830 contra
1151 3772 1290 3848 Spiritum

80 3874 222 3932 Sanctum
237 3873 319 3942 dixin
335 3893 392 3933 non
407 3875 483 3932 enim
497 3873 631 3931 humanae
646 3876 707 3951 ejus
723 3883 828 3932 nature
843 3881 951 3928 tautum
965 3868 1157 3935 detrahebant,
1170 3866 1222 3924 sed
1236 3869 1291 3926 vir·
1318 3891 1322 3896 ·

77 3971 135 4028 tuti
149 3979 179 4028 et
192 3971 333 4047 majestati
348 3969 463 4038 divinae,
478 3969 599 4046 Spiritui
613 3970 670 4046 ipsi
685 3972 791 4028 Sancto
806 3986 863 4041 quo
874 3964 998 4043 repletus
1014 3973 1082 4029 erat,
1094 3971 1122 4020 et
1140 3981 1205 4019 cum
1219 3979 1287 4034 quo,

83 4067 115 4124 in
136 4067 246 4124 unitate
270 4067 375 4126 divinae
397 4077 514 4134 naturae,
530 4067 765 4143 conjungebatur.
806 4064 1019 4134 “Quicumque
1045 4060 1149 4118 dixerit
1171 4059 1289 4116 verbum

81 4171 182 4220 contm
196 4163 304 4222 Filium
319 4164 456 4233 hominis,
480 4163 697 4222 remitteturei:
720 4163 770 4236 qui
784 4172 878 4220 autem
899 4158 1005 4218 dixerit
1028 4167 1126 4218 contra
1149 4155 1289 4234 Spiritum

522 4395 559 4454 (l)
577 4393 648 4443 Mate
659 4391 743 4443 xxviii.

409 4538 417 4545 .
521 4481 559 4540 (2)
576 4476 606 4527 L.
615 4485 700 4528 contra
711 4475 826 4526 Arianos.

460 4636 478 4669 N
