2744 5024
105 244 167 303 m
360 240 419 303 ΒΕ
438 238 661 301 ῦΠΤῑῐῐΤΔ
682 236 857 299 onim
877 236 1065 298 Enim.

105 397 1063 477 aenhmngntiamlleidieitpnsseeouleninouanmn
1084 395 1302 470 ipsamgrntiant

106 496 211 561 lmese
225 510 257 553 nt
268 496 419 553 invocetur
432 513 451 551 a
459 494 559 557 nobis,
573 491 743 549 cunundieit
752 492 835 550 luit
849 491 1008 567 propheta,
1021 491 1067 548 vel
1079 490 1221 565 Apostolo
1233 488 1301 545 idem

104 592 229 651 dinenu:
251 591 410 651 ‘lnventns
424 610 490 648 rum
505 611 521 647 a
534 608 593 648 non
608 590 800 662 querentibus
815 607 880 646 me:
902 588 997 664 palam
1010 589 1129 664 apparui
1141 587 1190 643 his
1203 587 1250 658 qni
1261 605 1303 642 me

103 688 384 765 managni-UA
393 688 427 745 Si
440 690 558 760 quinis
567 705 585 743 a
595 700 713 763 pm
722 684 1206 762 purgennmvoltmtatemmnm
1216 682 1301 738 Deum

58 786 67 801 '
104 798 259 859 expectare
272 782 432 847 utendis
457 796 626 840 nouantem
640 796 672 840 nt
684 783 770 839 etism
784 781 900 857 purgari
913 780 1047 846 velimus,
1062 799 1117 856 per
1134 780 1233 835 Sancti
1245 779 1302 853 Spi-

103 880 174 935 ritus
189 878 367 937 ininsimem
379 892 409 935 et
422 878 621 953 openu'onsm
634 877 665 935 in
678 894 733 935 ιιι
746 877 809 933 fieri
822 875 984 939 confitens
997 875 1106 931 resisut
1118 874 1178 950 ipsi
1192 873 1300 948 Spiritui

105 974 214 1033 Sancto
224 994 277 1053 per
286 975 474 1033 &lomnem
485 974 609 1033 dicenti:
626 974 825 1051 ‘Praeparatnr
836 974 966 1030 voluntas
977 993 994 1029 a
1006 973 1135 1031 Domino
1145 972 1166 1029 :’
1181 984 1211 1028 et
1220 974 1301 1048 Apos-

105 1068 167 1129 tolo
180 1070 332 1129 salubriter
344 1069 528 1147 predicanti:
550 1067 651 1127 ‘Dens
664 1084 709 1127 est
722 1071 772 1144 qni
787 1082 919 1146 operatur
931 1068 1053 1125 innubis
1066 1067 1179 1124 etvelle
1191 1078 1220 1122 et
1228 1066 1300 1142 peili

106 1184 172 1225 rere
185 1184 240 1243 pro
260 1167 336 1223 bona
350 1162 556 1223 voluntate.'”¹

144 1266 194 1319 st.
216 1260 281 1317 “Si
297 1260 362 1333 quir
375 1261 451 1316 sient
465 1272 661 1337 angmentum,
676 1261 715 1318 ita
727 1260 816 1318 etism
830 1261 944 1321 ἰιιὴὶιιιιι
956 1260 1036 1327 fidei,
1046 1261 1204 1337 ipsumque
1214 1257 1297 1316 medu-

106 1358 193 1415 iitatis
206 1356 354 1423 affectum,
379 1376 437 1430 quo
451 1357 481 1415 in
494 1376 563 1415 enm
573 1359 719 1417 eudimus
733 1359 785 1432 qui
800 1359 939 1436 justificat
951 1359 1084 1434 impium,
1105 1370 1135 1415 et
1148 1357 1185 1414 ad
1197 1375 1296 1434 genera·

103 1452 212 1509 ιίοικιιι
226 1451 301 1509 ueri
314 1452 494 1528 baptismatis
509 1456 706 1530 pervenimus,
731 1473 791 1513 non
811 1473 864 1531 per
885 1455 980 1531 gratie
994 1454 1116 1527 donum,
1138 1453 1169 1510 id
1182 1466 1234 1519 est,
1252 1469 1294 1528 per

103 1548 322 1625 inspirationem
337 1549 463 1626 Spiritu
478 1549 588 1618 Sancti,
602 1553 792 1629 corrigentem
807 1551 979 1609 voluntatem
998 1566 1126 1609 ananam
1141 1552 1177 1607 ab
1190 1548 1291 1607 infideli

103 1656 159 1699 tate
174 1642 210 1701 ad
223 1642 322 1711 fidem,
339 1646 375 1702 ab
391 1646 537 1721 impietate
551 1646 587 1704 ad
602 1648 750 1725 pietatem,
770 1645 824 1704 sed
836 1647 999 1704 naturaliter
1011 1647 1096 1704 nobis
1113 1648 1208 1703 inesse
1221 1646 1289 1710 diritt

105 1738 273 1815 apostolicis
286 1738 469 1817 dogmatibus
479 1740 659 1800 adversarius
670 1744 851 1820 approbatum,
859 1743 942 1800 beato
956 1742 1049 1800 Paulo
1059 1743 1190 1800 dicente:
1210 1742 1288 1801 ‘Con-

106 1834 235 1901 fidimus,
250 1837 319 1908 qnia
330 1837 420 1914 cupit
433 1836 463 1894 in
478 1838 561 1896 vob'u
573 1838 683 1897 bonum
695 1857 780 1916 opus,
794 1838 923 1916 perficiet
939 1857 1032 1911 nsque
1045 1840 1077 1896 in
1091 1840 1169 1897 diem
1189 1837 1286 1896 Domini

106 1934 198 1991 nostri
211 1932 284 1992 lesu
298 1932 434 2007 Christi!
473 1934 515 1993 Et
527 1935 615 1993 illud:
638 1936 750 1994 ‘Vobis
763 1936 859 1994 datum
872 1946 918 1992 est
930 1955 985 2012 pro
996 1935 1130 2004 Glirbto,
1142 1957 1200 1996 non
1212 1936 1285 1994 solnn

106 2030 183 2087 utin
196 2048 264 2087 eum
278 2030 411 2097 credatis.
425 2029 478 2088 sed
492 2032 578 2088 etiam
592 2043 625 2088 nt
637 2049 689 2106 pro
704 2031 753 2088 illo
766 2031 914 2107 patiamini
923 2032 944 2087 :’
962 2044 1001 2098 et,
1023 2031 1146 2090 ‘Gratia
1158 2033 1226 2090 salvi
1236 2031 1285 2089 [icti

107 2126 177 2182 estis
192 2144 244 2202 per
256 2125 355 2191 fidem,
368 2139 398 2184 et
411 2126 466 2184 boc
480 2144 538 2183 non
552 2144 590 2182 ex
605 2127 696 2193 vobis,
712 2126 768 2184 Dei
781 2127 861 2185 enim
876 2128 984 2186 donum
997 2129 1065 2185 αι’
1074 2128 1111 2162 ”⁵

148 2228 198 2281 58.
220 2224 360 2290 Quamvis
374 2224 504 2300 plerique
517 2223 622 2280 decimi
634 2224 709 2281 sexti
722 2223 820 2282 saculi
830 2224 992 2284 Novatores
1005 2227 1105 2304 gratiae
1114 2228 1172 2285 vim
1183 2226 1286 2284 maxine

107 2321 304 2399 predicarent,
318 2321 484 2379 conculcata
496 2319 624 2378 libertate
638 2322 772 2389 humana,
787 2322 901 2381 suerunt
912 2336 1008 2382 tamen
1018 2326 1068 2398 qni
1082 2338 1112 2382 et
1121 2320 1286 2382 vires'hnna·

107 2438 160 2477 nas
175 2420 262 2478 nimis
274 2417 418 2485 efferrent,
443 2416 521 2491 quod
535 2418 733 2476 Melanchtoni
746 2421 904 2498 contigisse
918 2421 988 2479 dicit
1001 2422 1166 2490 wichim,
1186 2422 1287 2479 Callisto

108 2530 137 2572 et
152 2514 322 2573 lutheranis
348 2513 478 2591 plurimis
503 2513 696 2571 Boesuetius.⁸
735 2515 860 2575 Duriora
880 2515 996 2576 Calvini
1015 2519 1130 2595 placita,
1144 2521 1246 2577 saecuo
1256 2535 1288 2573 se·

110 2616 218 2685 quenti.
247 2614 388 2679 Arminio,
417 2613 571 2689 professori
602 2615 632 2670 in
656 2613 811 2671 Academia
838 2615 973 2692 Lugduni
1006 2619 1205 2686 Batavorum*
1230 2613 1288 2675 haud

109 2712 274 2774 arriserunt,
299 2711 358 2781 qui.
388 2712 524 2786 magistro
549 2724 632 2766 sectae
659 2709 802 2777 derelicto,
829 2730 902 2768 nova
921 2716 1105 2790 excogitavit,
1129 2715 1289 2792 dogmatibus

110 2803 269 2861 Catholicis
294 2804 400 2871 affinia,
421 2807 552 2877 quamvis
575 2805 710 2882 deinceps
729 2807 959 2883 Semipelagiana
973 2811 1017 2865 vel
1046 2811 1201 2887 Pelagiana
1220 2811 1289 2867 etiam

116 2904 178 2959 labe
191 2903 295 2959 inlecta
322 2904 389 2968 sint,
423 2916 522 2980 agente
550 2906 707 2980 presertim
732 2906 850 2962 Simone
872 2907 1041 2982 Episcopio.
1085 2909 1215 2974 Gomari.
1243 2925 1291 2985 pro

112 2999 230 3055 sessoris
256 3000 285 3054 in
313 2999 414 3054 eadem
442 3000 605 3066 Academia,
631 3020 727 3076 opera,
757 3000 872 3057 Caluini
899 3002 1012 3059 decreta
1036 3005 1067 3060 in
1089 3005 1211 3079 Synodo
1235 3006 1292 3062 Dor·

53 3144 56 3151 .
111 3096 244 3151 dracena⁵
269 3112 343 3151 anno
368 3099 443 3151 1618
466 3097 656 3163 obtinuerunt,
672 3097 934 3166 Arminiunorum‚
950 3102 1042 3172 quiet
1062 3101 1292 3161 Remorastrontes

108 3189 175 3245 dieti
192 3197 268 3253 sunt,
283 3190 432 3244 sententiis
456 3191 579 3262 rejectis.
622 3192 704 3247 Secta
720 3191 890 3250 Calviniana
904 3196 970 3253 inde
991 3196 1020 3253 in
1041 3195 1112 3254 duas
1127 3200 1227 3267 scissa,
1247 3200 1292 3256 iere

108 3299 221 3355 semper
247 3282 282 3335 iis
308 3284 509 3338 controversiis
533 3285 669 3358 exagitari
690 3288 857 3354 consuevit;
881 3309 944 3361 quae
969 3294 1133 3368 nuperrime
1156 3294 1293 3352 l'etert'set

108 3377 201 3435 Il'oeae
222 3374 333 3434 rs'ctolae
348 3377 500 3437 dissidium
516 3394 697 3458 pepererunt.

146 3478 195 3533 59.
212 3474 295 3533 Pidei
306 3474 464 3536 Catholicae
471 3492 516 3535 est
529 3479 665 3548 doctrina,
676 3482 711 3538 ab
721 3483 896 3541 Arausicana
904 3485 1025 3560 Synodo
1036 3487 1164 3556 definita,
1177 3500 1205 3548 et
1215 3511 1231 3547 a
1242 3490 1293 3546 Tri·

106 3577 221 3635 dentina
232 3577 334 3633 iterum
345 3576 494 3645 declarata,
504 3580 566 3636 sine
573 3580 770 3656 preveniente
781 3581 905 3657 Spiritus
915 3583 1011 3640 Sancti
1024 3586 1211 3661 inspiratione
1221 3588 1293 3645 fidem

107 3675 204 3733 haberi
220 3693 277 3730 non
292 3693 389 3748 posse,
405 3675 526 3748 ideoque
541 3678 635 3752 ipsum
651 3676 717 3733 fidei
732 3678 854 3744 initium,
875 3698 1047 3752 omnemque
1062 3684 1215 3742 salutarem
1230 3682 1293 3760 cogi·

107 3774 240 3828 tationem
256 3771 290 3827 ad
305 3771 399 3830 Deum
416 3792 480 3830 esse
495 3773 680 3832 referendam.
723 3773 913 3832 Praeveniens
925 3789 1017 3833 autem
1029 3777 1133 3836 dicitur
1147 3782 1292 3855 inspiratio,

106 3872 173 3943 quia
188 3870 328 3928 antecedit
342 3890 458 3929 omnem
473 3873 627 3930 naturalem
642 3883 785 3940 conatum,
800 3885 828 3930 et
842 3874 990 3931 meritum:
1015 3875 1150 3932 excitans
1165 3878 1247 3935 etiam
1261 3876 1292 3933 di·

141 4109 185 4172 (1)
205 4108 266 4171 Cap.
279 4109 312 4156 iii
323 4109 354 4156 ir.
366 4108 411 4156 ool.
426 4112 498 4167 1098,
510 4120 568 4158 torn.
577 4111 602 4159 ii.
614 4111 670 4159 edit.
683 4110 759 4159 Hard.

140 4196 182 4258 (⁸2)
202 4194 263 4258 Cap.
276 4211 297 4241 r.

136 4280 172 4334 (8)
192 4279 385 4327 Arentisaement
396 4278 420 4326 ii.
432 4293 481 4326 aux
494 4279 640 4328 Protestans.
664 4279 726 4328 l'ide
746 4280 819 4328 etiam
832 4280 973 4330 Walchium
992 4279 1125 4331 introduct
1137 4284 1168 4333 sd
1179 4285 1218 4334 lib.
1230 4283 1291 4347 Sym·

101 4360 149 4406 bol·
159 4360 261 4413 Lutlter.
272 4364 288 4413 i
300 4364 316 4412 i
326 4381 348 4413 c.
359 4365 400 4414 sii
415 4369 426 4424 ξ
440 4365 515 4413 xxcii.

77 4436 317 4696 ft
