2744 5024
77 262 138 323 aas
327 262 387 341 pr.
409 263 628 339 unarum
650 263 825 325 animm
846 266 1036 327 narona

77 419 229 487 venientia,
243 419 456 496 agnoscendum
478 432 531 479 ert
573 420 719 479 Caeterum
744 423 796 494 qui
817 425 904 481 etiam
925 422 1016 482 ductu
1037 434 1150 483 natura
1172 438 1287 499 pom

79 515 156 580 vitat,
170 514 283 573 obicem
297 517 393 592 gratie
407 516 485 574 haud
508 516 654 593 ponendo,
673 535 737 575 eam
753 518 928 607 impetrabit,
942 521 971 578 ri
986 520 1149 578 volontatis
1171 518 1230 576 Dei
1241 519 1283 577 br-

78 609 171 686 nignur
191 619 221 667 ct
234 610 448 679 misericordia,
469 631 533 684 quar
548 613 710 670 necessaria
722 612 757 670 ad
777 613 900 671 salutem
913 613 1046 672 subsidia
1067 613 1149 673 baud
1166 613 1280 690 denegat

77 703 113 760 iis
126 704 176 775 qui
189 705 301 763 obicem
316 725 374 764 non
388 718 508 783 pontum
551 717 571 744 ⁴⁶
585 707 683 775 Hoc,”
704 708 798 780 inquit
818 709 976 785 Argolicus
990 709 1106 778 doctor,
1127 709 1198 766 “ad
1217 708 1278 767 diri·

77 816 143 857 naut
158 800 367 875 providentiam
380 804 512 878 pertinet,
528 814 560 859 ut
572 803 689 860 cuilibet
701 802 850 880 provideat
863 803 900 861 de
913 805 1092 863 ammio
1103 804 1140 863 ad
1154 804 1276 871 saluum,

77 893 234 953 dummodo
247 915 285 955 cx
300 910 378 973 parte
389 899 452 974 ejus
467 917 524 956 nou
539 897 720 974 impediatur.
751 899 785 956 Si
798 900 877 957 enim
891 899 998 973 aliquia
1011 900 1108 958 taliter
1122 899 1171 975 (in
1179 896 1274 977 sylvis)

77 991 210 1059 nutritus,
224 990 342 1052 ductum
356 994 492 1052 naturalis
506 994 624 1052 rationis
638 978 809 1066 sequeretni
818 996 849 1052 iu
863 996 993 1071 appetito
1003 996 1116 1054 boniet
1127 995 1198 1071 loga
1207 992 1274 1060 mab,

79 1087 239 1145 certissime
263 1100 309 1146 ert
330 1089 496 1155 tenendum,
510 1088 589 1161 quod
612 1090 640 1146 ei
662 1089 744 1146 Deus
767 1090 814 1147 rel
834 1107 886 1165 per
901 1091 1044 1148 internam
1066 1089 1271 1165 inspiratione·

79 1181 216 1239 revelarat
229 1201 273 1249 ea,
289 1201 352 1255 quae
367 1195 433 1240 sunt
446 1182 482 1240 ad
495 1182 670 1240 credendum
684 1187 855 1251 necessaria,
870 1183 917 1241 rel
927 1185 1056 1258 aliquem
1069 1183 1140 1242 fidei
1153 1183 1271 1259 prrcdice

78 1286 167 1332 torem
185 1275 299 1333 adeum
313 1277 456 1352 dirigeret,
470 1277 546 1335 sicut
559 1277 638 1335 misit
652 1278 770 1337 Petrum
782 1279 817 1337 ad
831 1278 1051 1336 Comelium.”²
1093 1279 1175 1337 Hinc
1195 1279 1270 1337 veris·

76 1371 183 1428 simum
197 1384 330 1446 putamus
343 1372 413 1430 illud
428 1372 541 1431 Schola
556 1375 689 1432 axioma:
712 1385 732 1410 “
743 1376 872 1433 Facienti
886 1375 964 1448 quod
977 1376 1051 1433 iure
1064 1386 1122 1442 ert,
1136 1375 1267 1434 &aanor
1302 1448 1305 1455 1

76 1464 199 1542 denegat
217 1468 369 1542 gratiam.”

116 1565 166 1618 87.
189 1561 296 1619 Gratiae
310 1562 460 1619 concessio
474 1562 628 1637 nequidem
643 1561 677 1619 ad
699 1564 852 1639 praevisum
874 1564 1030 1622 voluntatis
1048 1582 1225 1622 consensum
1235 1582 1267 1621 re

77 1654 193 1711 ferenda
203 1666 256 1722 est,
272 1674 308 1713 eo
321 1670 455 1743 renaudot
468 1657 549 1714 Deus
560 1656 627 1714 ideo
636 1658 774 1715 auxilium
787 1659 1001 1735 supernaturale
1010 1659 1109 1735 largiri
1123 1670 1265 1722 ceoseaur,

78 1748 155 1821 quod
169 1750 342 1809 voluntatem
356 1770 559 1809 consensuram
581 1750 752 1827 praeviderit,
767 1771 834 1810 nam
857 1754 1011 1811 voluntatis
1032 1771 1194 1811 consensus
1212 1765 1264 1810 tunc

78 1848 142 1922 ejus
156 1864 242 1903 causa
255 1846 337 1914 foret,
352 1858 380 1904 et
394 1847 538 1904 tolleretur
551 1848 671 1922 gratuita
684 1848 747 1923 ejus
761 1858 871 1905 natura.
913 1849 971 1914 Qui
992 1846 1122 1906 Molinae
1142 1860 1264 1905 secuntur

78 1943 109 2000 in
120 1943 228 1999 scholis
243 1943 354 2018 placita,
365 1943 463 2000 dicunt
474 1943 590 2015 quidem
604 1941 700 1999 Deum
712 1943 742 1999 in
753 1943 814 2000 ruis
824 1943 980 2020 largiendis
990 1944 1077 2001 donis
1092 1944 1261 2020 praescientia,
1283 1986 1286 1991 .

79 2037 166 2094 veluti
187 2037 295 2094 lumine
321 2037 455 2109 quodam,
470 2037 571 2113 dirigi:
597 2035 788 2113 Congruistae
811 2049 907 2095 autem
930 2038 1108 2114 peculiarem
1134 2038 1191 2096 Dei
1213 2055 1262 2112 erga

77 2133 184 2189 electos
198 2132 379 2189 dilectionem
395 2133 424 2189 in
438 2150 473 2188 eo
488 2143 630 2207 reponunt
642 2132 719 2204 quod
731 2133 849 2210 gratiam
864 2134 967 2191 tribuat
975 2134 1011 2190 iis
1023 2152 1192 2210 congruam,
1203 2132 1263 2190 iniis

77 2245 170 2284 rerum
186 2227 326 2302 adjunctis
341 2227 370 2283 in
385 2226 489 2298 quibus
504 2246 677 2284 consensum
691 2226 884 2303 praestandum
899 2238 977 2285 certo
992 2228 1167 2304 prevideat:
1189 2225 1262 2286 neutri

78 2332 171 2377 tamen
187 2320 394 2395 prescientiam
410 2320 487 2377 illam
502 2330 628 2378 statuunt
642 2321 728 2378 veluti
743 2339 866 2381 courum
881 2341 932 2380 cur
942 2322 1024 2380 Deus
1039 2339 1106 2379 cam
1120 2321 1266 2398 largiatur;¹

77 2412 129 2470 aed
143 2413 257 2487 exejus
272 2413 382 2470 infinita
395 2414 530 2480 bonitate,
544 2432 596 2489 pro
610 2432 813 2496 supremnsuo
827 2416 953 2483 arbitrio,
963 2434 1027 2479 eam
1043 2415 1168 2475 denrari
1182 2431 1268 2493 aguet·

77 2520 155 2568 cunt.
197 2510 243 2567 De
258 2511 407 2567 vocatione
421 2509 456 2567 ad
469 2509 555 2569 fidem
571 2522 600 2566 et
619 2512 714 2587 gratie
730 2512 806 2569 dono
827 2512 972 2588 explicare
992 2525 1271 2586 consueverantque

78 2608 186 2666 Paulus
201 2609 229 2664 in
244 2609 365 2682 epistola
380 2608 412 2664 ad
429 2609 577 2666 Romanos
591 2608 714 2674 disserit,
731 2621 760 2664 ut
782 2610 988 2683 promissiones
1004 2609 1128 2666 Abrahae
1144 2610 1230 2666 lactas
1248 2608 1276 2662 'm

78 2706 206 2778 gentium
227 2704 414 2760 conversione
438 2704 569 2778 impletas
592 2702 732 2769 ostendat,
754 2704 829 2759 lilios
855 2703 965 2759 scilicet
987 2704 1202 2776 promissionis,
1224 2713 1282 2761 non

79 2810 219 2874 posteros,
245 2799 397 2874 designari.
441 2800 472 2856 id
488 2801 586 2874 probat
600 2799 756 2874 Apostolus
776 2798 900 2855 liliorum
922 2798 1003 2854 Isaac
1018 2800 1166 2873 exemplo,
1194 2800 1287 2856 alium

79 2897 159 2954 alteri
185 2897 342 2971 praelatum,
373 2897 437 2971 ipsa
471 2896 537 2962 Dei,
570 2907 722 2967 antequam
751 2905 943 2960 nascerentur,
972 2893 1133 2974 electione:
1172 2906 1192 2930 ‘⁶
1207 2895 1294 2952 carn

79 2994 155 3050 enim
171 2992 296 3049 nondum
313 2993 370 3048 nati
385 2993 516 3058 fuissent,
532 3004 580 3048 aut
593 2992 701 3062 aliquid
716 2991 783 3047 boni
804 2991 941 3065 egissent,
956 3002 1004 3045 aut
1023 2990 1104 3056 mali,
1121 2991 1166 3067 (ut
1180 3009 1294 3050 secuu‘

78 3089 145 3145 dum
162 3090 328 3145 electionem
342 3090 520 3163 propositum
533 3089 588 3144 Dei
598 3085 747 3163 maneret)
770 3106 826 3143 non
837 3104 874 3142 ex
888 3087 1032 3160 operibus,
1047 3085 1098 3142 sed
1111 3105 1150 3143 ex
1163 3095 1299 3146 vocante

77 3186 184 3242 dictum
199 3196 244 3240 cst
257 3185 302 3240 ei:
326 3186 392 3255 quia
407 3187 496 3258 major
510 3187 614 3240 serviet
628 3185 741 3248 minori,
757 3186 831 3240 sicut
842 3185 979 3259 scriptum
992 3197 1054 3240 est:
1071 3184 1164 3243 Jacob
1181 3188 1297 3246 dilexio

80 3281 159 3337 Esau
185 3290 279 3334 autern
304 3277 371 3334 odio
384 3279 480 3334 habui.
523 3279 599 3343 Quid
621 3298 688 3354 ergo
710 3279 861 3336 dicemusl
884 3280 1022 3351 numquid
1048 3283 1188 3354 iniquitas
1212 3272 1303 3362 apud

79 3377 195 3434 Deuml
218 3376 310 3431 Absit.
353 3375 454 3449 Moysi
470 3376 546 3432 enirn
562 3375 649 3432 dicit:
674 3377 836 3434 Miserebor
849 3380 931 3453 cujus
947 3378 1103 3435 misereor:
1127 3391 1157 3437 et
1172 3384 1300 3441 miseri*

29 3450 35 3463 ⁶
79 3471 204 3530 cordiam
218 3471 357 3547 praestabo
372 3471 454 3546 cujus
469 3472 634 3529 miserebor.
677 3473 766 3548 igitur
786 3491 845 3529 non
865 3473 997 3540 volentis,
1014 3492 1107 3545 neque
1131 3481 1299 3541 currentis,

78 3570 129 3626 sed
145 3568 306 3645 miserentis
321 3578 365 3624 est
378 3567 482 3625 Dei.'’³
522 3568 591 3625 Ideo
613 3568 717 3643 gratias
732 3567 797 3624 Deo
818 3569 974 3640 laudesque
996 3570 1135 3644 persolvit
1156 3574 1296 3649 Apostor

78 3668 141 3724 lus:
166 3664 369 3721 “Benedictus
384 3663 464 3720 Deus
479 3675 507 3720 et
521 3665 605 3721 Pater
621 3664 738 3720 Domini
751 3665 838 3720 nostri
851 3664 869 3720 J
872 3683 921 3720 esu
936 3665 1056 3729 Christi,
1071 3667 1121 3736 qui
1135 3667 1305 3728 benedixit

79 3781 131 3819 nos
146 3763 176 3817 iu
190 3760 269 3818 omni
283 3759 480 3816 benedictione
495 3759 634 3834 spirituali
650 3761 680 3816 in
694 3759 857 3816 coeleslibus
872 3761 903 3816 in
925 3758 1053 3816 Christo.
1099 3759 1183 3818 Sicut
1198 3765 1305 3842 elegit

78 3877 131 3916 nos
146 3858 174 3913 in
190 3858 253 3932 ipso
267 3867 331 3912 ante
346 3855 444 3912 mundi
459 3857 702 3921 constitutionem,
717 3867 748 3911 ut
762 3873 893 3912 essemus
908 3856 998 3911 sancti
1014 3866 1043 3911 et
1057 3857 1240 3917 immaculati
1256 3862 1298 3917 in

79 3962 234 4027 conspectu
249 3952 311 4026 ejus
327 3950 356 4007 in
370 3951 514 4011 charitate.
558 3951 615 4016 Qui
630 3949 840 4027 praedestinavit
851 3967 904 4006 nos
915 3950 945 4006 in
956 3948 1142 4024 adoptionem
1157 3953 1301 4012 filiorum

212 4223 248 4282 (1)
268 4219 317 4277 Qu.
329 4218 378 4266 xiv.
389 4219 419 4267 de
432 4219 506 4267 Verit.
520 4228 562 4269 art.
574 4216 609 4267 xi.
620 4219 650 4268 ad
663 4219 677 4266 i.

211 4305 247 4364 (2)
266 4303 329 4351 Vide
340 4302 491 4364 Sardagnam
504 4304 584 4352 Tract.
597 4304 628 4351 V.
641 4304 670 4351 de
683 4301 768 4351 Gratia
780 4303 832 4351 Art.
845 4303 861 4351 i.
874 4301 959 4351 Contr.
973 4301 1006 4351 iii.
1017 4317 1043 4351 n.
1055 4303 1138 4354 clxvii

212 4390 249 4450 (3)
268 4386 338 4437 Rom.
350 4386 385 4438 ix·
398 4386 435 4434 11.
