<?xml version="1.0" encoding="UTF-8"?>
<!DOCTYPE html PUBLIC "-//W3C//DTD XHTML 1.0 Transitional//EN"
    "http://www.w3.org/TR/xhtml1/DTD/xhtml1-transitional.dtd">
<html xmlns="http://www.w3.org/1999/xhtml" xml:lang="en" lang="en">
 <head>
  <title>
</title>
<meta http-equiv="Content-Type" content="text/html;charset=utf-8" />
  <meta name='ocr-system' content='tesseract 3.04.00' />
  <meta name='ocr-capabilities' content='ocr_page ocr_carea ocr_par ocr_line ocrx_word'/>
</head>
<body>
  <div class='ocr_page' id='page_1' title='image "./theologidogmati01kenrgoog_0352.png"; bbox 0 0 2744 5024; ppageno 0'>
   <div class='ocr_carea' id='block_1_1' title="bbox 313 218 1278 363">
    <p class='ocr_par' dir='ltr' id='par_1_1' title="bbox 313 218 1278 363">
     <span class='ocr_line' id='line_1_1' title="bbox 313 218 1278 363; baseline -0.006 -47"><span class='ocrx_word' id='word_1_1' title='bbox 313 233 317 241; x_wconf 79' lang='grc'><em>’</em></span> <span class='ocrx_word' id='word_1_2' title='bbox 344 245 431 315; x_wconf 75' lang='lat' dir='ltr'>&#39;ra</span> <span class='ocrx_word' id='word_1_3' title='bbox 447 251 653 314; x_wconf 77' lang='lat' dir='ltr'>suerrum:</span> <span class='ocrx_word' id='word_1_4' title='bbox 675 218 988 323; x_wconf 66' lang='lat' dir='ltr'>charmarum,</span> <span class='ocrx_word' id='word_1_5' title='bbox 1011 346 1021 363; x_wconf 31' lang='grc' dir='ltr'>ι</span> <span class='ocrx_word' id='word_1_6' title='bbox 1216 259 1278 318; x_wconf 72' lang='lat' dir='ltr'>aar</span> 
     </span>
    </p>
   </div>
   <div class='ocr_carea' id='block_1_2' title="bbox 123 686 1235 815">
    <p class='ocr_par' dir='ltr' id='par_1_2' title="bbox 123 686 1235 815">
     <span class='ocr_line' id='line_1_2' title="bbox 123 686 1235 815; baseline 0.007 -8"><span class='ocrx_word' id='word_1_7' title='bbox 123 730 128 741; x_wconf 87' lang='lat'>&#39;</span> <span class='ocrx_word' id='word_1_8' title='bbox 229 742 371 809; x_wconf 78' lang='lat' dir='ltr'>orror</span> <span class='ocrx_word' id='word_1_9' title='bbox 391 686 477 808; x_wconf 81' lang='lat' dir='ltr'>vrri</span> <span class='ocrx_word' id='word_1_10' title='bbox 517 742 578 808; x_wconf 77' lang='lat' dir='ltr'>ura</span> <span class='ocrx_word' id='word_1_11' title='bbox 595 739 801 808; x_wconf 78' lang='lat' dir='ltr'>rnsrrrrm</span> <span class='ocrx_word' id='word_1_12' title='bbox 822 745 1129 814; x_wconf 78' lang='lat' dir='ltr'>oanmrumnd&#39;.</span> <span class='ocrx_word' id='word_1_13' title='bbox 1159 810 1162 815; x_wconf 76' lang='grc'><strong><em>,</em></strong></span> <span class='ocrx_word' id='word_1_14' title='bbox 1232 776 1235 781; x_wconf 85' lang='grc'><em>·</em></span> 
     </span>
    </p>
   </div>
   <div class='ocr_carea' id='block_1_3' title="bbox 51 850 1329 3619">
    <p class='ocr_par' dir='ltr' id='par_1_3' title="bbox 395 850 437 899">
     <span class='ocr_line' id='line_1_3' title="bbox 395 850 437 899; baseline 0 -14"><span class='ocrx_word' id='word_1_15' title='bbox 395 850 437 899; x_wconf 49' lang='grc'>4.,</span> 
     </span>
    </p>

    <p class='ocr_par' dir='ltr' id='par_1_4' title="bbox 82 906 1329 2274">
     <span class='ocr_line' id='line_1_4' title="bbox 124 906 1280 1024; baseline 0.002 -20"><span class='ocrx_word' id='word_1_16' title='bbox 124 932 189 1004; x_wconf 70' lang='grc'><strong>266.</strong></span> <span class='ocrx_word' id='word_1_17' title='bbox 212 906 432 1005; x_wconf 59' lang='lat' dir='ltr'>(lentitudinem7</span> <span class='ocrx_word' id='word_1_18' title='bbox 446 942 567 1002; x_wconf 89' lang='lat' dir='ltr'>eandem</span> <span class='ocrx_word' id='word_1_19' title='bbox 589 943 624 1001; x_wconf 88' lang='lat' dir='ltr'>de</span> <span class='ocrx_word' id='word_1_20' title='bbox 642 943 753 1021; x_wconf 90' lang='lat' dir='ltr'>justitia</span> <span class='ocrx_word' id='word_1_21' title='bbox 775 942 961 1004; x_wconf 81' lang='lat' dir='ltr'>Christi‘sibi</span> <span class='ocrx_word' id='word_1_22' title='bbox 984 920 1280 1024; x_wconf 54' lang='lat' dir='ltr'>impurata‘quemque</span> 
     </span>
     <span class='ocr_line' id='line_1_5' title="bbox 83 1026 1279 1119; baseline 0.002 -19"><span class='ocrx_word' id='word_1_23' title='bbox 83 1032 185 1101; x_wconf 81' lang='lat' dir='ltr'>liabere</span> <span class='ocrx_word' id='word_1_24' title='bbox 200 1061 295 1119; x_wconf 89' lang='lat' dir='ltr'>posse,</span> <span class='ocrx_word' id='word_1_25' title='bbox 303 1026 434 1116; x_wconf 49' lang='lat' dir='ltr'>quarn&amp;</span> <span class='ocrx_word' id='word_1_26' title='bbox 445 1040 578 1099; x_wconf 88' lang='lat' dir='ltr'>omnibus</span> <span class='ocrx_word' id='word_1_27' title='bbox 589 1039 655 1098; x_wconf 88' lang='lat' dir='ltr'>fidei</span> <span class='ocrx_word' id='word_1_28' title='bbox 668 1040 792 1098; x_wconf 84' lang='lat' dir='ltr'><strong>articulis</strong></span> <span class='ocrx_word' id='word_1_29' title='bbox 805 1041 899 1113; x_wconf 85' lang='lat' dir='ltr'>habet,</span> <span class='ocrx_word' id='word_1_30' title='bbox 910 1041 1011 1107; x_wconf 46' lang='lat' dir='ltr'>docuit.</span> <span class='ocrx_word' id='word_1_31' title='bbox 1019 1042 1161 1101; x_wconf 87' lang='lat' dir='ltr'>Lutherus</span> <span class='ocrx_word' id='word_1_32' title='bbox 1172 1064 1279 1118; x_wconf 62' lang='lat' dir='ltr'>,quem</span> 
     </span>
     <span class='ocr_line' id='line_1_6' title="bbox 82 1122 1280 1214; baseline 0.002 -18"><span class='ocrx_word' id='word_1_33' title='bbox 82 1140 212 1212; x_wconf 86' lang='lat' dir='ltr'>sequitur</span> <span class='ocrx_word' id='word_1_34' title='bbox 225 1138 412 1197; x_wconf 89' lang='lat' dir='ltr'>Melanchton</span> <span class='ocrx_word' id='word_1_35' title='bbox 426 1137 455 1194; x_wconf 91' lang='lat' dir='ltr'>in</span> <span class='ocrx_word' id='word_1_36' title='bbox 470 1136 613 1213; x_wconf 83' lang='lat' dir='ltr'><strong>Apologia</strong></span> <span class='ocrx_word' id='word_1_37' title='bbox 633 1156 684 1213; x_wconf 92' lang='lat' dir='ltr'>pro</span> <span class='ocrx_word' id='word_1_38' title='bbox 700 1130 893 1195; x_wconf 69' lang='lat' dir='ltr'>Confessloue</span> <span class='ocrx_word' id='word_1_39' title='bbox 906 1122 1135 1214; x_wconf 39' lang='lat' dir='ltr'>Augustino*</span> <span class='ocrx_word' id='word_1_40' title='bbox 1148 1140 1217 1199; x_wconf 90' lang='lat' dir='ltr'>Non</span> <span class='ocrx_word' id='word_1_41' title='bbox 1239 1139 1280 1198; x_wconf 93' lang='lat' dir='ltr'>di-</span> 
     </span>
     <span class='ocr_line' id='line_1_7' title="bbox 82 1230 1281 1313; baseline 0.001 -20"><span class='ocrx_word' id='word_1_42' title='bbox 82 1234 209 1312; x_wconf 83' lang='lat' dir='ltr'>ligimus,</span> <span class='ocrx_word' id='word_1_43' title='bbox 224 1235 281 1291; x_wconf 89' lang='lat' dir='ltr'>uisi</span> <span class='ocrx_word' id='word_1_44' title='bbox 294 1233 372 1292; x_wconf 86' lang='lat' dir='ltr'>certd</span> <span class='ocrx_word' id='word_1_45' title='bbox 387 1230 510 1291; x_wconf 88' lang='lat' dir='ltr'>statuant</span> <span class='ocrx_word' id='word_1_46' title='bbox 523 1232 618 1298; x_wconf 89' lang='lat' dir='ltr'>corda,</span> <span class='ocrx_word' id='word_1_47' title='bbox 634 1232 709 1306; x_wconf 92' lang='lat' dir='ltr'>quod</span> <span class='ocrx_word' id='word_1_48' title='bbox 726 1231 831 1290; x_wconf 84' lang='lat' dir='ltr'>donata</span> <span class='ocrx_word' id='word_1_49' title='bbox 844 1233 882 1289; x_wconf 89' lang='lat' dir='ltr'>sit</span> <span class='ocrx_word' id='word_1_50' title='bbox 902 1235 984 1292; x_wconf 92' lang='lat' dir='ltr'>nobis</span> <span class='ocrx_word' id='word_1_51' title='bbox 998 1236 1132 1293; x_wconf 82' lang='lat' dir='ltr'><strong>remissio</strong></span> <span class='ocrx_word' id='word_1_52' title='bbox 1152 1246 1281 1313; x_wconf 90' lang='lat' dir='ltr'>peccato·</span> 
     </span>
     <span class='ocr_line' id='line_1_8' title="bbox 82 1327 1291 1409; baseline 0.001 -20"><span class='ocrx_word' id='word_1_53' title='bbox 82 1329 350 1389; x_wconf 56' lang='lat' dir='ltr'>rumim-“Hane</span> <span class='ocrx_word' id='word_1_54' title='bbox 364 1328 562 1388; x_wconf 77' lang='lat' dir='ltr'>certitudinem</span> <span class='ocrx_word' id='word_1_55' title='bbox 583 1329 649 1387; x_wconf 89' lang='lat' dir='ltr'>fidei</span> <span class='ocrx_word' id='word_1_56' title='bbox 671 1348 723 1386; x_wconf 88' lang='lat' dir='ltr'>nos</span> <span class='ocrx_word' id='word_1_57' title='bbox 745 1327 881 1386; x_wconf 83' lang='lat' dir='ltr'>docemus</span> <span class='ocrx_word' id='word_1_58' title='bbox 903 1331 1008 1402; x_wconf 84' lang='lat' dir='ltr'><strong>requiri</strong></span> <span class='ocrx_word' id='word_1_59' title='bbox 1028 1331 1057 1388; x_wconf 92' lang='lat' dir='ltr'>in</span> <span class='ocrx_word' id='word_1_60' title='bbox 1079 1328 1291 1409; x_wconf 73' lang='lat' dir='ltr'>Evangelio.&#39;”⁵</span> 
     </span>
     <span class='ocr_line' id='line_1_9' title="bbox 84 1420 1283 1501; baseline 0.001 -16"><span class='ocrx_word' id='word_1_61' title='bbox 84 1420 237 1494; x_wconf 83' lang='lat' dir='ltr'>Calvinus,</span> <span class='ocrx_word' id='word_1_62' title='bbox 251 1435 282 1484; x_wconf 91' lang='lat' dir='ltr'>ut</span> <span class='ocrx_word' id='word_1_63' title='bbox 295 1425 431 1494; x_wconf 83' lang='lat' dir='ltr'>vidimus,</span> <span class='ocrx_word' id='word_1_64' title='bbox 444 1425 564 1483; x_wconf 88' lang='lat' dir='ltr'>salutem</span> <span class='ocrx_word' id='word_1_65' title='bbox 576 1425 676 1483; x_wconf 89' lang='lat' dir='ltr'>eadem</span> <span class='ocrx_word' id='word_1_66' title='bbox 691 1424 859 1483; x_wconf 82' lang='lat' dir='ltr'><strong>certitudine</strong></span> <span class='ocrx_word' id='word_1_67' title='bbox 870 1426 1076 1501; x_wconf 75' lang='lat' dir='ltr'>expectandam</span> <span class='ocrx_word' id='word_1_68' title='bbox 1085 1427 1159 1485; x_wconf 83' lang='lat' dir='ltr'><strong>dixit</strong></span> <span class='ocrx_word' id='word_1_69' title='bbox 1167 1433 1190 1484; x_wconf 78' lang='lat'>:⁸</span> <span class='ocrx_word' id='word_1_70' title='bbox 1209 1428 1283 1486; x_wconf 89' lang='lat' dir='ltr'>male</span> 
     </span>
     <span class='ocr_line' id='line_1_10' title="bbox 84 1517 1329 1595; baseline 0.002 -15"><span class='ocrx_word' id='word_1_71' title='bbox 84 1534 178 1581; x_wconf 89' lang='lat' dir='ltr'>tamen</span> <span class='ocrx_word' id='word_1_72' title='bbox 201 1522 345 1581; x_wconf 75' lang='lat' dir='ltr'>coherent</span> <span class='ocrx_word' id='word_1_73' title='bbox 367 1541 430 1595; x_wconf 86' lang='lat' dir='ltr'>quae</span> <span class='ocrx_word' id='word_1_74' title='bbox 454 1521 523 1579; x_wconf 70' lang='lat' dir='ltr'>alias</span> <span class='ocrx_word' id='word_1_75' title='bbox 548 1521 634 1579; x_wconf 90' lang='lat' dir='ltr'>dicit:</span> <span class='ocrx_word' id='word_1_76' title='bbox 659 1521 753 1580; x_wconf 89' lang='lat' dir='ltr'>“Nos</span> <span class='ocrx_word' id='word_1_77' title='bbox 779 1529 854 1578; x_wconf 88' lang='lat' dir='ltr'>certe</span> <span class='ocrx_word' id='word_1_78' title='bbox 869 1520 937 1578; x_wconf 89' lang='lat' dir='ltr'>dum</span> <span class='ocrx_word' id='word_1_79' title='bbox 957 1517 1043 1580; x_wconf 89' lang='lat' dir='ltr'>fidem</span> <span class='ocrx_word' id='word_1_80' title='bbox 1059 1522 1195 1582; x_wconf 82' lang='lat' dir='ltr'>docemus</span> <span class='ocrx_word' id='word_1_81' title='bbox 1217 1542 1283 1582; x_wconf 90' lang='lat' dir='ltr'>ease</span> <span class='ocrx_word' id='word_1_82' title='bbox 1326 1520 1329 1525; x_wconf 64' lang='grc'><em>“</em></span> 
     </span>
     <span class='ocr_line' id='line_1_11' title="bbox 84 1617 1284 1694; baseline 0.003 -18"><span class='ocrx_word' id='word_1_83' title='bbox 84 1627 188 1676; x_wconf 88' lang='lat' dir='ltr'>certam</span> <span class='ocrx_word' id='word_1_84' title='bbox 204 1638 237 1676; x_wconf 89' lang='lat' dir='ltr'>ac</span> <span class='ocrx_word' id='word_1_85' title='bbox 251 1636 390 1684; x_wconf 81' lang='lat' dir='ltr'>securam,</span> <span class='ocrx_word' id='word_1_86' title='bbox 407 1637 465 1675; x_wconf 92' lang='lat' dir='ltr'>non</span> <span class='ocrx_word' id='word_1_87' title='bbox 480 1617 676 1675; x_wconf 79' lang='lat' dir='ltr'>certitudinem</span> <span class='ocrx_word' id='word_1_88' title='bbox 694 1618 817 1690; x_wconf 85' lang='lat' dir='ltr'>aliquam</span> <span class='ocrx_word' id='word_1_89' title='bbox 832 1617 1031 1694; x_wconf 83' lang='lat' dir='ltr'>imaginamur,</span> <span class='ocrx_word' id='word_1_90' title='bbox 1047 1638 1110 1691; x_wconf 79' lang='lat' dir='ltr'>quae</span> <span class='ocrx_word' id='word_1_91' title='bbox 1131 1619 1210 1679; x_wconf 90' lang='lat' dir='ltr'>nulla</span> <span class='ocrx_word' id='word_1_92' title='bbox 1224 1631 1284 1680; x_wconf 84' lang='lat' dir='ltr'>tan·</span> 
     </span>
     <span class='ocr_line' id='line_1_12' title="bbox 85 1714 1290 1801; baseline 0.001 -28"><span class='ocrx_word' id='word_1_93' title='bbox 85 1724 165 1792; x_wconf 88' lang='lat' dir='ltr'>gatur</span> <span class='ocrx_word' id='word_1_94' title='bbox 176 1714 362 1784; x_wconf 86' lang='lat' dir='ltr'>dubitatione,</span> <span class='ocrx_word' id='word_1_95' title='bbox 377 1732 430 1774; x_wconf 90' lang='lat' dir='ltr'>nec</span> <span class='ocrx_word' id='word_1_96' title='bbox 444 1714 634 1781; x_wconf 84' lang='lat' dir='ltr'>securitatem,</span> <span class='ocrx_word' id='word_1_97' title='bbox 652 1732 714 1787; x_wconf 87' lang='lat' dir='ltr'>quae</span> <span class='ocrx_word' id='word_1_98' title='bbox 737 1714 814 1771; x_wconf 87' lang='lat' dir='ltr'>nulla</span> <span class='ocrx_word' id='word_1_99' title='bbox 834 1714 1015 1772; x_wconf 89' lang='lat' dir='ltr'>solicitudine</span> <span class='ocrx_word' id='word_1_100' title='bbox 1038 1718 1198 1791; x_wconf 90' lang='lat' dir='ltr'>impetatur,</span> <span class='ocrx_word' id='word_1_101' title='bbox 1215 1720 1290 1801; x_wconf 73' lang='lat' dir='ltr'>quim</span> 
     </span>
     <span class='ocr_line' id='line_1_13' title="bbox 87 1810 1285 1891; baseline 0.001 -22"><span class='ocrx_word' id='word_1_102' title='bbox 87 1812 185 1891; x_wconf 77' lang='lat' dir='ltr'>potius</span> <span class='ocrx_word' id='word_1_103' title='bbox 200 1811 333 1880; x_wconf 81' lang='lat' dir='ltr'>dicimus,</span> <span class='ocrx_word' id='word_1_104' title='bbox 348 1822 520 1890; x_wconf 89' lang='lat' dir='ltr'>perpetuum·</span> <span class='ocrx_word' id='word_1_105' title='bbox 531 1830 595 1869; x_wconf 88' lang='lat' dir='ltr'>esse</span> <span class='ocrx_word' id='word_1_106' title='bbox 610 1810 741 1868; x_wconf 87' lang='lat' dir='ltr'>fidelibus</span> <span class='ocrx_word' id='word_1_107' title='bbox 756 1820 898 1868; x_wconf 88' lang='lat' dir='ltr'>certamen</span> <span class='ocrx_word' id='word_1_108' title='bbox 918 1830 983 1868; x_wconf 90' lang='lat' dir='ltr'>eum</span> <span class='ocrx_word' id='word_1_109' title='bbox 998 1829 1051 1868; x_wconf 86' lang='lat' dir='ltr'>sua</span> <span class='ocrx_word' id='word_1_110' title='bbox 1070 1811 1198 1887; x_wconf 88' lang='lat' dir='ltr'>ipsomm</span> <span class='ocrx_word' id='word_1_111' title='bbox 1212 1812 1285 1870; x_wconf 89' lang='lat' dir='ltr'>diffi-</span> 
     </span>
     <span class='ocr_line' id='line_1_14' title="bbox 90 1903 1286 1980; baseline 0.002 -16"><span class='ocrx_word' id='word_1_112' title='bbox 90 1905 197 1975; x_wconf 74' lang='lat' dir='ltr'>dentia,</span> <span class='ocrx_word' id='word_1_113' title='bbox 208 1916 321 1966; x_wconf 89' lang='lat' dir='ltr'>tantum</span> <span class='ocrx_word' id='word_1_114' title='bbox 337 1908 416 1964; x_wconf 88' lang='lat' dir='ltr'>abest</span> <span class='ocrx_word' id='word_1_115' title='bbox 429 1915 572 1964; x_wconf 88' lang='lat' dir='ltr'>uteorum</span> <span class='ocrx_word' id='word_1_116' title='bbox 588 1905 776 1963; x_wconf 84' lang='lat' dir='ltr'>conscientias</span> <span class='ocrx_word' id='word_1_117' title='bbox 793 1905 821 1962; x_wconf 90' lang='lat' dir='ltr'>in</span> <span class='ocrx_word' id='word_1_118' title='bbox 835 1903 944 1980; x_wconf 89' lang='lat' dir='ltr'>placida</span> <span class='ocrx_word' id='word_1_119' title='bbox 953 1904 1047 1977; x_wconf 88' lang='lat' dir='ltr'>aliqua</span> <span class='ocrx_word' id='word_1_120' title='bbox 1059 1906 1152 1978; x_wconf 90' lang='lat' dir='ltr'>quiete</span> <span class='ocrx_word' id='word_1_121' title='bbox 1167 1907 1286 1966; x_wconf 90' lang='lat' dir='ltr'>colloce-</span> 
     </span>
     <span class='ocr_line' id='line_1_15' title="bbox 87 1998 1286 2077; baseline 0 -16"><span class='ocrx_word' id='word_1_122' title='bbox 87 2021 161 2072; x_wconf 90' lang='lat' dir='ltr'>mus,</span> <span class='ocrx_word' id='word_1_123' title='bbox 178 2022 241 2077; x_wconf 79' lang='lat' dir='ltr'>quae</span> <span class='ocrx_word' id='word_1_124' title='bbox 256 2003 340 2062; x_wconf 90' lang='lat' dir='ltr'>nullis</span> <span class='ocrx_word' id='word_1_125' title='bbox 356 1998 574 2062; x_wconf 88' lang='lat' dir='ltr'>omninoturbis</span> <span class='ocrx_word' id='word_1_126' title='bbox 588 2001 791 2076; x_wconf 88' lang='lat' dir='ltr'>interpelletur.</span> <span class='ocrx_word' id='word_1_127' title='bbox 834 2000 959 2058; x_wconf 86' lang='lat' dir='ltr'>Rursum</span> <span class='ocrx_word' id='word_1_128' title='bbox 976 2010 1080 2068; x_wconf 87' lang='lat' dir='ltr'>tamen,</span> <span class='ocrx_word' id='word_1_129' title='bbox 1093 2001 1286 2073; x_wconf 87' lang='lat' dir='ltr'>qualemcum-</span> 
     </span>
     <span class='ocr_line' id='line_1_16' title="bbox 88 2097 1292 2179; baseline -0.001 -21"><span class='ocrx_word' id='word_1_130' title='bbox 88 2118 141 2173; x_wconf 86' lang='lat' dir='ltr'>que</span> <span class='ocrx_word' id='word_1_131' title='bbox 164 2100 195 2158; x_wconf 89' lang='lat' dir='ltr'>in</span> <span class='ocrx_word' id='word_1_132' title='bbox 220 2099 339 2158; x_wconf 90' lang='lat' dir='ltr'>modurn</span> <span class='ocrx_word' id='word_1_133' title='bbox 361 2099 542 2165; x_wconf 87' lang='lat' dir='ltr'>afflictentur,</span> <span class='ocrx_word' id='word_1_134' title='bbox 557 2098 686 2155; x_wconf 87' lang='lat' dir='ltr'>decidere</span> <span class='ocrx_word' id='word_1_135' title='bbox 710 2117 742 2154; x_wconf 91' lang='lat' dir='ltr'>ac</span> <span class='ocrx_word' id='word_1_136' title='bbox 762 2097 927 2154; x_wconf 88' lang='lat' dir='ltr'>desciscere·</span> <span class='ocrx_word' id='word_1_137' title='bbox 946 2115 1083 2173; x_wconf 86' lang='lat' dir='ltr'>negamus</span> <span class='ocrx_word' id='word_1_138' title='bbox 1106 2119 1122 2156; x_wconf 90' lang='lat' dir='ltr'>a</span> <span class='ocrx_word' id='word_1_139' title='bbox 1143 2109 1219 2156; x_wconf 88' lang='lat' dir='ltr'>certa</span> <span class='ocrx_word' id='word_1_140' title='bbox 1239 2101 1292 2179; x_wconf 79' lang='lat' dir='ltr'>illa·</span> 
     </span>
     <span class='ocr_line' id='line_1_17' title="bbox 89 2194 1306 2274; baseline 0 -19"><span class='ocrx_word' id='word_1_141' title='bbox 89 2198 222 2270; x_wconf 89' lang='lat' dir='ltr'>quamde</span> <span class='ocrx_word' id='word_1_142' title='bbox 246 2197 442 2256; x_wconf 86' lang='lat' dir='ltr'>misericordia</span> <span class='ocrx_word' id='word_1_143' title='bbox 457 2197 512 2253; x_wconf 89' lang='lat' dir='ltr'>Dei</span> <span class='ocrx_word' id='word_1_144' title='bbox 534 2206 737 2272; x_wconf 89' lang='lat' dir='ltr'>conceperunt,</span> <span class='ocrx_word' id='word_1_145' title='bbox 759 2194 912 2251; x_wconf 83' lang='lat' dir='ltr'>fiducia.&#39;’⁴</span> <span class='ocrx_word' id='word_1_146' title='bbox 952 2194 1136 2254; x_wconf 86' lang='lat' dir='ltr'>Dordraoena</span> <span class='ocrx_word' id='word_1_147' title='bbox 1150 2196 1306 2274; x_wconf 74' lang='lat' dir='ltr'>Synodus&#39;</span> 
     </span>
    </p>

    <p class='ocr_par' dir='ltr' id='par_1_5' title="bbox 51 2289 1296 3236">
     <span class='ocr_line' id='line_1_18' title="bbox 51 2289 1294 2362; baseline -0.002 -7"><span class='ocrx_word' id='word_1_148' title='bbox 51 2335 67 2355; x_wconf 81' lang='lat'><em>.</em></span> <span class='ocrx_word' id='word_1_149' title='bbox 90 2293 284 2353; x_wconf 83' lang='lat' dir='ltr'>certitudinem</span> <span class='ocrx_word' id='word_1_150' title='bbox 298 2292 364 2350; x_wconf 90' lang='lat' dir='ltr'>fidei</span> <span class='ocrx_word' id='word_1_151' title='bbox 377 2292 507 2350; x_wconf 87' lang='lat' dir='ltr'>definivit</span> <span class='ocrx_word' id='word_1_152' title='bbox 517 2294 539 2359; x_wconf 84' lang='lat'>;⁵</span> <span class='ocrx_word' id='word_1_153' title='bbox 553 2290 604 2348; x_wconf 88' lang='lat' dir='ltr'>sed</span> <span class='ocrx_word' id='word_1_154' title='bbox 619 2291 727 2348; x_wconf 88' lang='lat' dir='ltr'>cautius</span> <span class='ocrx_word' id='word_1_155' title='bbox 740 2289 775 2347; x_wconf 91' lang='lat' dir='ltr'>de</span> <span class='ocrx_word' id='word_1_156' title='bbox 790 2309 823 2347; x_wconf 90' lang='lat' dir='ltr'>ea</span> <span class='ocrx_word' id='word_1_157' title='bbox 834 2290 1181 2362; x_wconf 85' lang='lat' dir='ltr'>loquuntur‘recentioros,</span> <span class='ocrx_word' id='word_1_158' title='bbox 1195 2295 1294 2354; x_wconf 86' lang='lat' dir='ltr'>varios·</span> 
     </span>
     <span class='ocr_line' id='line_1_19' title="bbox 91 2386 1287 2467; baseline 0.007 -23"><span class='ocrx_word' id='word_1_159' title='bbox 91 2387 154 2466; x_wconf 80' lang='lat' dir='ltr'>ejns&#39;</span> <span class='ocrx_word' id='word_1_160' title='bbox 165 2389 271 2467; x_wconf 87' lang='lat' dir='ltr'>gradus</span> <span class='ocrx_word' id='word_1_161' title='bbox 292 2388 499 2446; x_wconf 73' lang='lat' dir='ltr'>recensenteafl</span> <span class='ocrx_word' id='word_1_162' title='bbox 539 2386 653 2454; x_wconf 88' lang='lat' dir='ltr'>Bnllus,</span> <span class='ocrx_word' id='word_1_163' title='bbox 669 2387 843 2463; x_wconf 84' lang='lat' dir='ltr'>Anglicanus</span> <span class='ocrx_word' id='word_1_164' title='bbox 856 2386 941 2453; x_wconf 89' lang='lat' dir='ltr'>lieet,</span> <span class='ocrx_word' id='word_1_165' title='bbox 965 2405 1021 2444; x_wconf 93' lang='lat' dir='ltr'>non</span> <span class='ocrx_word' id='word_1_166' title='bbox 1044 2388 1204 2449; x_wconf 85' lang='lat' dir='ltr'>dissimulat</span> <span class='ocrx_word' id='word_1_167' title='bbox 1225 2411 1287 2452; x_wconf 88' lang='lat' dir='ltr'>earn</span> 
     </span>
     <span class='ocr_line' id='line_1_20' title="bbox 91 2482 1288 2560; baseline 0.003 -18"><span class='ocrx_word' id='word_1_168' title='bbox 91 2500 151 2544; x_wconf 88' lang='lat' dir='ltr'>esse</span> <span class='ocrx_word' id='word_1_169' title='bbox 177 2486 392 2544; x_wconf 82' lang='lat' dir='ltr'>reformatorum</span> <span class='ocrx_word' id='word_1_170' title='bbox 418 2496 558 2541; x_wconf 88' lang='lat' dir='ltr'>sectarum</span> <span class='ocrx_word' id='word_1_171' title='bbox 587 2485 718 2560; x_wconf 79' lang='lat' dir='ltr'>probrum</span> <span class='ocrx_word' id='word_1_172' title='bbox 746 2495 773 2540; x_wconf 90' lang='lat' dir='ltr'>ct</span> <span class='ocrx_word' id='word_1_173' title='bbox 798 2482 932 2541; x_wconf 88' lang='lat' dir='ltr'>dedecus.</span> <span class='ocrx_word' id='word_1_174' title='bbox 975 2484 1069 2542; x_wconf 88' lang='lat' dir='ltr'>Verba</span> <span class='ocrx_word' id='word_1_175' title='bbox 1091 2489 1193 2558; x_wconf 86' lang='lat' dir='ltr'>quibus</span> <span class='ocrx_word' id='word_1_176' title='bbox 1210 2490 1288 2547; x_wconf 81' lang='lat' dir='ltr'>&#39;illud</span> 
     </span>
     <span class='ocr_line' id='line_1_21' title="bbox 90 2581 1295 2660; baseline 0.002 -18"><span class='ocrx_word' id='word_1_177' title='bbox 90 2585 188 2658; x_wconf 81' lang='lat' dir='ltr'>plorat,</span> <span class='ocrx_word' id='word_1_178' title='bbox 208 2585 290 2660; x_wconf 88' lang='lat' dir='ltr'>juvat</span> <span class='ocrx_word' id='word_1_179' title='bbox 308 2584 450 2641; x_wconf 86' lang='lat' dir='ltr'>recitare:</span> <span class='ocrx_word' id='word_1_180' title='bbox 478 2592 515 2619; x_wconf 76' lang='lat'>“⁸</span> <span class='ocrx_word' id='word_1_181' title='bbox 527 2583 684 2658; x_wconf 78' lang='lat' dir='ltr'>Pergamus</span> <span class='ocrx_word' id='word_1_182' title='bbox 695 2583 755 2657; x_wconf 87' lang='lat' dir='ltr'>jam</span> <span class='ocrx_word' id='word_1_183' title='bbox 779 2581 812 2638; x_wconf 87' lang='lat' dir='ltr'>ad</span> <span class='ocrx_word' id='word_1_184' title='bbox 828 2583 987 2638; x_wconf 85' lang='lat' dir='ltr'>memhrum</span> <span class='ocrx_word' id='word_1_185' title='bbox 1009 2583 1180 2641; x_wconf 88' lang='lat' dir='ltr'>dilernmatis</span> <span class='ocrx_word' id='word_1_186' title='bbox 1201 2591 1295 2645; x_wconf 86' lang='lat' dir='ltr'>nostr-i·</span> 
     </span>
     <span class='ocr_line' id='line_1_22' title="bbox 88 2676 1288 2754; baseline 0.004 -18"><span class='ocrx_word' id='word_1_187' title='bbox 88 2682 220 2747; x_wconf 89' lang='lat' dir='ltr'>alterurn,</span> <span class='ocrx_word' id='word_1_188' title='bbox 235 2680 313 2754; x_wconf 92' lang='lat' dir='ltr'>quod</span> <span class='ocrx_word' id='word_1_189' title='bbox 328 2691 371 2737; x_wconf 90' lang='lat' dir='ltr'>cst</span> <span class='ocrx_word' id='word_1_190' title='bbox 386 2679 421 2736; x_wconf 88' lang='lat' dir='ltr'>de</span> <span class='ocrx_word' id='word_1_191' title='bbox 442 2679 548 2737; x_wconf 85' lang='lat' dir='ltr'>fidncia</span> <span class='ocrx_word' id='word_1_192' title='bbox 562 2679 698 2735; x_wconf 85' lang='lat' dir='ltr'>absoluta.</span> <span class='ocrx_word' id='word_1_193' title='bbox 736 2677 789 2735; x_wconf 79' lang='lat' dir='ltr'>Ea</span> <span class='ocrx_word' id='word_1_194' title='bbox 811 2691 878 2734; x_wconf 89' lang='lat' dir='ltr'>vero</span> <span class='ocrx_word' id='word_1_195' title='bbox 894 2688 937 2734; x_wconf 92' lang='lat' dir='ltr'>cst</span> <span class='ocrx_word' id='word_1_196' title='bbox 953 2676 1015 2733; x_wconf 82' lang='lat' dir='ltr'>talis</span> <span class='ocrx_word' id='word_1_197' title='bbox 1030 2679 1118 2736; x_wconf 89' lang='lat' dir='ltr'>animi</span> <span class='ocrx_word' id='word_1_198' title='bbox 1138 2680 1288 2751; x_wconf 82' lang='lat' dir='ltr'>certitudo,</span> 
     </span>
     <span class='ocr_line' id='line_1_23' title="bbox 85 2771 1294 2857; baseline 0 -20"><span class='ocrx_word' id='word_1_199' title='bbox 85 2793 141 2850; x_wconf 87' lang='lat' dir='ltr'>qua</span> <span class='ocrx_word' id='word_1_200' title='bbox 157 2777 235 2850; x_wconf 86' lang='lat' dir='ltr'>quis,</span> <span class='ocrx_word' id='word_1_201' title='bbox 252 2777 329 2833; x_wconf 91' lang='lat' dir='ltr'>nulla</span> <span class='ocrx_word' id='word_1_202' title='bbox 342 2776 460 2834; x_wconf 89' lang='lat' dir='ltr'>omnino</span> <span class='ocrx_word' id='word_1_203' title='bbox 474 2775 635 2833; x_wconf 89' lang='lat' dir='ltr'>conditione</span> <span class='ocrx_word' id='word_1_204' title='bbox 650 2792 818 2850; x_wconf 86' lang='lat' dir='ltr'>suspensus,</span> <span class='ocrx_word' id='word_1_205' title='bbox 834 2771 933 2840; x_wconf 91' lang='lat' dir='ltr'>eredit,</span> <span class='ocrx_word' id='word_1_206' title='bbox 956 2784 1071 2848; x_wconf 89' lang='lat' dir='ltr'>peccata</span> <span class='ocrx_word' id='word_1_207' title='bbox 1092 2775 1147 2832; x_wconf 88' lang='lat' dir='ltr'>sibi</span> <span class='ocrx_word' id='word_1_208' title='bbox 1161 2786 1223 2833; x_wconf 89' lang='lat' dir='ltr'>actu</span> <span class='ocrx_word' id='word_1_209' title='bbox 1245 2797 1294 2857; x_wconf 76' lang='lat' dir='ltr'>re·-</span> 
     </span>
     <span class='ocr_line' id='line_1_24' title="bbox 84 2861 1296 2946; baseline -0.002 -13"><span class='ocrx_word' id='word_1_210' title='bbox 84 2877 176 2934; x_wconf 84' lang='lat' dir='ltr'>missa</span> <span class='ocrx_word' id='word_1_211' title='bbox 192 2891 268 2940; x_wconf 88' lang='lat' dir='ltr'>esse,</span> <span class='ocrx_word' id='word_1_212' title='bbox 284 2891 372 2945; x_wconf 86' lang='lat' dir='ltr'>seque</span> <span class='ocrx_word' id='word_1_213' title='bbox 387 2871 452 2929; x_wconf 88' lang='lat' dir='ltr'>Deo</span> <span class='ocrx_word' id='word_1_214' title='bbox 464 2871 498 2928; x_wconf 91' lang='lat' dir='ltr'>ad</span> <span class='ocrx_word' id='word_1_215' title='bbox 514 2871 632 2928; x_wconf 87' lang='lat' dir='ltr'>salutem</span> <span class='ocrx_word' id='word_1_216' title='bbox 649 2861 796 2946; x_wconf 88' lang='lat' dir='ltr'>acceptum</span> <span class='ocrx_word' id='word_1_217' title='bbox 813 2868 920 2926; x_wconf 87' lang='lat' dir='ltr'>haberi.</span> <span class='ocrx_word' id='word_1_218' title='bbox 942 2870 1036 2940; x_wconf 82' lang='lat' dir='ltr'>Atque</span> <span class='ocrx_word' id='word_1_219' title='bbox 1048 2868 1083 2927; x_wconf 88' lang='lat' dir='ltr'>de</span> <span class='ocrx_word' id='word_1_220' title='bbox 1096 2870 1148 2928; x_wconf 90' lang='lat' dir='ltr'>hac</span> <span class='ocrx_word' id='word_1_221' title='bbox 1163 2872 1296 2931; x_wconf 83' lang='lat' dir='ltr'>absoluta·</span> 
     </span>
     <span class='ocr_line' id='line_1_25' title="bbox 79 2964 1290 3046; baseline -0.001 -17"><span class='ocrx_word' id='word_1_222' title='bbox 79 2968 259 3030; x_wconf 82' lang='lat' dir='ltr'>certitudine</span> <span class='ocrx_word' id='word_1_223' title='bbox 282 2967 435 3044; x_wconf 87' lang='lat' dir='ltr'>plerosque</span> <span class='ocrx_word' id='word_1_224' title='bbox 449 2985 549 3025; x_wconf 81' lang='lat' dir='ltr'>omnes</span> <span class='ocrx_word' id='word_1_225' title='bbox 572 2967 785 3025; x_wconf 78' lang='lat' dir='ltr'>reformatorum</span> <span class='ocrx_word' id='word_1_226' title='bbox 808 2964 992 3022; x_wconf 87' lang='lat' dir='ltr'>ecclesiarum</span> <span class='ocrx_word' id='word_1_227' title='bbox 1014 2964 1192 3042; x_wconf 69' lang='lat' dir='ltr'>&#39;Pheologos</span> <span class='ocrx_word' id='word_1_228' title='bbox 1209 2965 1290 3046; x_wconf 76' lang='lat' dir='ltr'>(pra-</span> 
     </span>
     <span class='ocr_line' id='line_1_26' title="bbox 79 3045 1290 3142; baseline 0.002 -20"><span class='ocrx_word' id='word_1_229' title='bbox 79 3067 188 3124; x_wconf 82' lang='lat' dir='ltr'>sertim</span> <span class='ocrx_word' id='word_1_230' title='bbox 205 3061 330 3142; x_wconf 81' lang='lat' dir='ltr'>exteros)</span> <span class='ocrx_word' id='word_1_231' title='bbox 346 3064 396 3136; x_wconf 91' lang='lat' dir='ltr'>qui</span> <span class='ocrx_word' id='word_1_232' title='bbox 413 3062 449 3120; x_wconf 91' lang='lat' dir='ltr'>de</span> <span class='ocrx_word' id='word_1_233' title='bbox 463 3045 568 3120; x_wconf 90' lang='lat' dir='ltr'>fiducia</span> <span class='ocrx_word' id='word_1_234' title='bbox 588 3069 736 3135; x_wconf 87' lang='lat' dir='ltr'>tamquam</span> <span class='ocrx_word' id='word_1_235' title='bbox 750 3061 862 3119; x_wconf 87' lang='lat' dir='ltr'>formali</span> <span class='ocrx_word' id='word_1_236' title='bbox 883 3071 946 3118; x_wconf 86' lang='lat' dir='ltr'>actu</span> <span class='ocrx_word' id='word_1_237' title='bbox 960 3059 1028 3118; x_wconf 86' lang='lat' dir='ltr'>fidei</span> <span class='ocrx_word' id='word_1_238' title='bbox 1045 3063 1229 3138; x_wconf 88' lang='lat' dir='ltr'>justificantis</span> <span class='ocrx_word' id='word_1_239' title='bbox 1250 3066 1290 3126; x_wconf 92' lang='lat' dir='ltr'>lo·</span> 
     </span>
     <span class='ocr_line' id='line_1_27' title="bbox 79 3157 1291 3236; baseline 0.002 -17"><span class='ocrx_word' id='word_1_240' title='bbox 79 3170 226 3236; x_wconf 89' lang='lat' dir='ltr'>quuntur,</span> <span class='ocrx_word' id='word_1_241' title='bbox 242 3159 444 3236; x_wconf 87' lang='lat' dir='ltr'>intelligendos</span> <span class='ocrx_word' id='word_1_242' title='bbox 459 3177 534 3226; x_wconf 85' lang='lat' dir='ltr'>esse,</span> <span class='ocrx_word' id='word_1_243' title='bbox 549 3159 635 3216; x_wconf 90' lang='lat' dir='ltr'>nimis</span> <span class='ocrx_word' id='word_1_244' title='bbox 650 3157 835 3235; x_wconf 83' lang='lat' dir='ltr'>prohdolor!</span> <span class='ocrx_word' id='word_1_245' title='bbox 851 3157 1032 3215; x_wconf 78' lang='lat' dir='ltr'>manifestum</span> <span class='ocrx_word' id='word_1_246' title='bbox 1054 3169 1107 3217; x_wconf 88' lang='lat' dir='ltr'>est.</span> <span class='ocrx_word' id='word_1_247' title='bbox 1148 3161 1216 3219; x_wconf 87' lang='lat' dir='ltr'>Fuit</span> <span class='ocrx_word' id='word_1_248' title='bbox 1229 3162 1291 3221; x_wconf 86' lang='lat' dir='ltr'>haec</span> 
     </span>
    </p>

    <p class='ocr_par' dir='ltr' id='par_1_6' title="bbox 59 3249 1298 3619">
     <span class='ocr_line' id='line_1_28' title="bbox 59 3249 1291 3338; baseline 0.002 -22"><span class='ocrx_word' id='word_1_249' title='bbox 59 3249 65 3258; x_wconf 78' lang='grc'>’</span> <span class='ocrx_word' id='word_1_250' title='bbox 82 3258 220 3338; x_wconf 82' lang='lat' dir='ltr'>doctriua</span> <span class='ocrx_word' id='word_1_251' title='bbox 237 3257 299 3333; x_wconf 87' lang='lat' dir='ltr'>jam</span> <span class='ocrx_word' id='word_1_252' title='bbox 314 3275 330 3312; x_wconf 92' lang='lat' dir='ltr'>a</span> <span class='ocrx_word' id='word_1_253' title='bbox 343 3254 441 3313; x_wconf 91' lang='lat' dir='ltr'>multis</span> <span class='ocrx_word' id='word_1_254' title='bbox 456 3257 537 3313; x_wconf 84' lang='lat' dir='ltr'>annia</span> <span class='ocrx_word' id='word_1_255' title='bbox 552 3256 729 3332; x_wconf 89' lang='lat' dir='ltr'>ipsissimum</span> <span class='ocrx_word' id='word_1_256' title='bbox 745 3256 902 3314; x_wconf 67' lang='lat' dir='ltr'>reformater</span> <span class='ocrx_word' id='word_1_257' title='bbox 917 3255 1045 3314; x_wconf 88' lang='lat' dir='ltr'>ecclesiae</span> <span class='ocrx_word' id='word_1_258' title='bbox 1059 3259 1243 3335; x_wconf 84' lang='lat' dir='ltr'>opprobrium</span> <span class='ocrx_word' id='word_1_259' title='bbox 1258 3281 1291 3318; x_wconf 91' lang='lat' dir='ltr'>ac</span> 
     </span>
     <span class='ocr_line' id='line_1_29' title="bbox 84 3346 1298 3428; baseline 0.002 -17"><span class='ocrx_word' id='word_1_260' title='bbox 84 3346 218 3411; x_wconf 80' lang='lat' dir='ltr'>dedecus</span> <span class='ocrx_word' id='word_1_261' title='bbox 231 3370 239 3419; x_wconf 93' lang='lat'>;</span> <span class='ocrx_word' id='word_1_262' title='bbox 262 3369 355 3424; x_wconf 87' lang='lat' dir='ltr'>neque</span> <span class='ocrx_word' id='word_1_263' title='bbox 367 3359 412 3408; x_wconf 86' lang='lat' dir='ltr'>est</span> <span class='ocrx_word' id='word_1_264' title='bbox 426 3351 481 3407; x_wconf 88' lang='lat' dir='ltr'>alia</span> <span class='ocrx_word' id='word_1_265' title='bbox 502 3348 568 3416; x_wconf 84' lang='lat' dir='ltr'>ulla,</span> <span class='ocrx_word' id='word_1_266' title='bbox 585 3370 670 3422; x_wconf 88' lang='lat' dir='ltr'>quam</span> <span class='ocrx_word' id='word_1_267' title='bbox 688 3350 732 3407; x_wconf 88' lang='lat' dir='ltr'>vel</span> <span class='ocrx_word' id='word_1_268' title='bbox 748 3353 840 3428; x_wconf 89' lang='lat' dir='ltr'>magis</span> <span class='ocrx_word' id='word_1_269' title='bbox 856 3350 965 3410; x_wconf 87' lang='lat' dir='ltr'>rideant</span> <span class='ocrx_word' id='word_1_270' title='bbox 979 3372 1011 3410; x_wconf 91' lang='lat' dir='ltr'>ac</span> <span class='ocrx_word' id='word_1_271' title='bbox 1024 3352 1146 3412; x_wconf 91' lang='lat' dir='ltr'>ludibrio</span> <span class='ocrx_word' id='word_1_272' title='bbox 1161 3355 1298 3424; x_wconf 82' lang='lat' dir='ltr'>habeant,</span> 
     </span>
     <span class='ocr_line' id='line_1_30' title="bbox 85 3441 1293 3523; baseline 0.006 -19"><span class='ocrx_word' id='word_1_273' title='bbox 85 3447 139 3506; x_wconf 75' lang='lat' dir='ltr'>rei</span> <span class='ocrx_word' id='word_1_274' title='bbox 153 3447 291 3504; x_wconf 85' lang='lat' dir='ltr'>severiori</span> <span class='ocrx_word' id='word_1_275' title='bbox 304 3446 381 3523; x_wconf 90' lang='lat' dir='ltr'>stylo</span> <span class='ocrx_word' id='word_1_276' title='bbox 396 3447 540 3523; x_wconf 83' lang='lat' dir='ltr'>exagitent</span> <span class='ocrx_word' id='word_1_277' title='bbox 554 3446 709 3503; x_wconf 87' lang='lat' dir='ltr'>Pontificii.</span> <span class='ocrx_word' id='word_1_278' title='bbox 733 3441 837 3517; x_wconf 91' lang='lat' dir='ltr'>Neque</span> <span class='ocrx_word' id='word_1_279' title='bbox 852 3447 880 3502; x_wconf 90' lang='lat' dir='ltr'>id</span> <span class='ocrx_word' id='word_1_280' title='bbox 896 3446 1036 3504; x_wconf 73' lang='lat' dir='ltr'>immeriti&gt;</span> <span class='ocrx_word' id='word_1_281' title='bbox 1049 3468 1056 3514; x_wconf 92' lang='lat'><strong>;</strong></span> <span class='ocrx_word' id='word_1_282' title='bbox 1069 3461 1113 3506; x_wconf 84' lang='lat' dir='ltr'>est</span> <span class='ocrx_word' id='word_1_283' title='bbox 1126 3451 1203 3508; x_wconf 88' lang='lat' dir='ltr'>enim</span> <span class='ocrx_word' id='word_1_284' title='bbox 1215 3472 1293 3511; x_wconf 89' lang='lat' dir='ltr'>error</span> 
     </span>
     <span class='ocr_line' id='line_1_31' title="bbox 88 3535 1297 3619; baseline 0.004 -19"><span class='ocrx_word' id='word_1_285' title='bbox 88 3560 152 3601; x_wconf 83' lang='lat' dir='ltr'>non</span> <span class='ocrx_word' id='word_1_286' title='bbox 166 3542 249 3610; x_wconf 86' lang='lat' dir='ltr'>levis,</span> <span class='ocrx_word' id='word_1_287' title='bbox 267 3535 346 3601; x_wconf 86' lang='lat' dir='ltr'>error</span> <span class='ocrx_word' id='word_1_288' title='bbox 359 3541 569 3619; x_wconf 85' lang='lat' dir='ltr'>putidissimus,</span> <span class='ocrx_word' id='word_1_289' title='bbox 585 3559 663 3598; x_wconf 88' lang='lat' dir='ltr'>error</span> <span class='ocrx_word' id='word_1_290' title='bbox 684 3539 772 3616; x_wconf 83' lang='lat' dir='ltr'>(pene</span> <span class='ocrx_word' id='word_1_291' title='bbox 793 3540 931 3616; x_wconf 84' lang='lat' dir='ltr'>dixerim)</span> <span class='ocrx_word' id='word_1_292' title='bbox 944 3539 976 3598; x_wconf 81' lang='lat' dir='ltr'>in</span> <span class='ocrx_word' id='word_1_293' title='bbox 988 3541 1074 3617; x_wconf 76' lang='lat' dir='ltr'>fida-</span> <span class='ocrx_word' id='word_1_294' title='bbox 1107 3542 1165 3600; x_wconf 89' lang='lat' dir='ltr'>Det</span> <span class='ocrx_word' id='word_1_295' title='bbox 1178 3548 1297 3605; x_wconf 84' lang='lat' dir='ltr'>tandem</span> 
     </span>
    </p>
   </div>
   <div class='ocr_carea' id='block_1_4' title="bbox 1325 2162 1340 2197">
    <p class='ocr_par' dir='ltr' id='par_1_7' title="bbox 1325 2162 1340 2197">
     <span class='ocr_line' id='line_1_32' title="bbox 1325 2162 1340 2197; baseline 0 0"><span class='ocrx_word' id='word_1_296' title='bbox 1325 2162 1340 2197; x_wconf 61' lang='lat' dir='ltr'>d</span> 
     </span>
    </p>
   </div>
   <div class='ocr_carea' id='block_1_5' title="bbox 92 3741 1303 4499">
    <p class='ocr_par' dir='ltr' id='par_1_8' title="bbox 92 3741 384 3819">
     <span class='ocr_line' id='line_1_33' title="bbox 92 3741 384 3819; baseline 0 -19"><span class='ocrx_word' id='word_1_297' title='bbox 92 3815 95 3819; x_wconf 12' lang='lat'>⁸</span> <span class='ocrx_word' id='word_1_298' title='bbox 129 3741 169 3816; x_wconf 79' lang='grc' dir='ltr'>(ι’)</span> <span class='ocrx_word' id='word_1_299' title='bbox 187 3753 260 3818; x_wconf 78' lang='lat' dir='ltr'>Apol.</span> <span class='ocrx_word' id='word_1_300' title='bbox 271 3752 302 3802; x_wconf 80' lang='lat' dir='ltr'>iv.</span> <span class='ocrx_word' id='word_1_301' title='bbox 315 3757 329 3811; x_wconf 72' lang='lat' dir='ltr'>s</span> <span class='ocrx_word' id='word_1_302' title='bbox 342 3754 384 3801; x_wconf 77' lang='lat' dir='ltr'>to.</span> 
     </span>
    </p>

    <p class='ocr_par' dir='ltr' id='par_1_9' title="bbox 130 3837 393 3902">
     <span class='ocr_line' id='line_1_34' title="bbox 130 3837 393 3902; baseline -0.004 -16"><span class='ocrx_word' id='word_1_303' title='bbox 130 3841 168 3902; x_wconf 75' lang='lat'>(2)</span> <span class='ocrx_word' id='word_1_304' title='bbox 187 3837 259 3901; x_wconf 81' lang='lat' dir='ltr'>Apol.</span> <span class='ocrx_word' id='word_1_305' title='bbox 270 3837 313 3887; x_wconf 85' lang='lat' dir='ltr'>xii.</span> <span class='ocrx_word' id='word_1_306' title='bbox 326 3841 340 3896; x_wconf 67' lang='grc' dir='ltr'><strong>ς</strong></span> <span class='ocrx_word' id='word_1_307' title='bbox 353 3838 393 3886; x_wconf 73' lang='lat'>20.</span> 
     </span>
    </p>

    <p class='ocr_par' dir='ltr' id='par_1_10' title="bbox 131 3922 484 3986">
     <span class='ocr_line' id='line_1_35' title="bbox 131 3922 484 3986; baseline -0.006 -15"><span class='ocrx_word' id='word_1_308' title='bbox 131 3925 170 3986; x_wconf 88' lang='grc'>(3)</span> <span class='ocrx_word' id='word_1_309' title='bbox 188 3924 266 3973; x_wconf 70' lang='lat' dir='ltr'>lnstit.</span> <span class='ocrx_word' id='word_1_310' title='bbox 277 3925 293 3973; x_wconf 86' lang='lat'>1.</span> <span class='ocrx_word' id='word_1_311' title='bbox 304 3923 338 3973; x_wconf 90' lang='lat' dir='ltr'>iii.</span> <span class='ocrx_word' id='word_1_312' title='bbox 348 3939 369 3972; x_wconf 86' lang='lat' dir='ltr'>c.</span> <span class='ocrx_word' id='word_1_313' title='bbox 381 3926 404 3973; x_wconf 69' lang='lat'>2.</span> <span class='ocrx_word' id='word_1_314' title='bbox 416 3925 430 3981; x_wconf 59' lang='grc' dir='ltr'>ἐ</span> <span class='ocrx_word' id='word_1_315' title='bbox 446 3922 484 3969; x_wconf 81' lang='lat'>16.</span> 
     </span>
    </p>

    <p class='ocr_par' dir='ltr' id='par_1_11' title="bbox 134 4009 330 4071">
     <span class='ocr_line' id='line_1_36' title="bbox 134 4009 330 4071; baseline -0.01 -15"><span class='ocrx_word' id='word_1_316' title='bbox 134 4010 171 4071; x_wconf 79' lang='lat'>(4)</span> <span class='ocrx_word' id='word_1_317' title='bbox 190 4009 249 4058; x_wconf 86' lang='lat' dir='ltr'>lbid.</span> <span class='ocrx_word' id='word_1_318' title='bbox 261 4012 276 4068; x_wconf 56' lang='grc' dir='ltr'>ᾗ</span> <span class='ocrx_word' id='word_1_319' title='bbox 292 4011 330 4057; x_wconf 86' lang='grc'>17.</span> 
     </span>
    </p>

    <p class='ocr_par' dir='ltr' id='par_1_12' title="bbox 132 4094 651 4148">
     <span class='ocr_line' id='line_1_37' title="bbox 132 4094 651 4148; baseline 0 -8"><span class='ocrx_word' id='word_1_320' title='bbox 132 4096 170 4148; x_wconf 77' lang='grc'>(5)</span> <span class='ocrx_word' id='word_1_321' title='bbox 189 4094 286 4142; x_wconf 85' lang='lat' dir='ltr'>Puncto</span> <span class='ocrx_word' id='word_1_322' title='bbox 298 4095 321 4140; x_wconf 87' lang='lat'>5.</span> <span class='ocrx_word' id='word_1_323' title='bbox 648 4114 651 4121; x_wconf 89' lang='lat'>·</span> 
     </span>
    </p>

    <p class='ocr_par' dir='ltr' id='par_1_13' title="bbox 100 4165 1303 4499">
     <span class='ocr_line' id='line_1_38' title="bbox 134 4165 1298 4248; baseline 0.003 -20"><span class='ocrx_word' id='word_1_324' title='bbox 134 4183 172 4240; x_wconf 80' lang='grc'>(6)</span> <span class='ocrx_word' id='word_1_325' title='bbox 190 4187 205 4211; x_wconf 81' lang='grc'>“</span> <span class='ocrx_word' id='word_1_326' title='bbox 213 4179 278 4228; x_wconf 82' lang='lat' dir='ltr'>Thia</span> <span class='ocrx_word' id='word_1_327' title='bbox 287 4177 382 4248; x_wconf 71' lang='lat' dir='ltr'>teithi·</span> <span class='ocrx_word' id='word_1_328' title='bbox 393 4175 504 4226; x_wconf 82' lang='lat' dir='ltr'>different</span> <span class='ocrx_word' id='word_1_329' title='bbox 514 4175 541 4224; x_wconf 88' lang='lat' dir='ltr'>in</span> <span class='ocrx_word' id='word_1_330' title='bbox 552 4174 658 4238; x_wconf 65' lang='lat' dir='ltr'>dames,</span> <span class='ocrx_word' id='word_1_331' title='bbox 669 4176 740 4226; x_wconf 71' lang='lat' dir='ltr'>aaut</span> <span class='ocrx_word' id='word_1_332' title='bbox 750 4191 778 4224; x_wconf 93' lang='lat' dir='ltr'>or</span> <span class='ocrx_word' id='word_1_333' title='bbox 788 4183 885 4238; x_wconf 58' lang='lat' dir='ltr'>atreum</span> <span class='ocrx_word' id='word_1_334' title='bbox 897 4184 953 4240; x_wconf 82' lang='lat' dir='ltr'>may</span> <span class='ocrx_word' id='word_1_335' title='bbox 965 4176 995 4226; x_wconf 85' lang='lat' dir='ltr'>be</span> <span class='ocrx_word' id='word_1_336' title='bbox 1005 4165 1072 4226; x_wconf 83' lang='lat' dir='ltr'>often</span> <span class='ocrx_word' id='word_1_337' title='bbox 1084 4166 1136 4227; x_wconf 86' lang='lat' dir='ltr'>arrd</span> <span class='ocrx_word' id='word_1_338' title='bbox 1144 4186 1217 4244; x_wconf 76' lang='lat' dir='ltr'>many</span> <span class='ocrx_word' id='word_1_339' title='bbox 1229 4186 1298 4245; x_wconf 78' lang='lat' dir='ltr'>r&#39;r‘ays</span> 
     </span>
     <span class='ocr_line' id='line_1_39' title="bbox 101 4260 1303 4328; baseline 0.002 -13"><span class='ocrx_word' id='word_1_340' title='bbox 101 4265 202 4316; x_wconf 70' lang='lat' dir='ltr'>«aaut</span> <span class='ocrx_word' id='word_1_341' title='bbox 214 4265 262 4316; x_wconf 88' lang='lat' dir='ltr'>and</span> <span class='ocrx_word' id='word_1_342' title='bbox 275 4264 415 4321; x_wconf 78' lang='lat' dir='ltr'>weshened,</span> <span class='ocrx_word' id='word_1_343' title='bbox 426 4263 470 4312; x_wconf 90' lang='lat' dir='ltr'>but</span> <span class='ocrx_word' id='word_1_344' title='bbox 481 4269 534 4323; x_wconf 76' lang='lat' dir='ltr'>geta</span> <span class='ocrx_word' id='word_1_345' title='bbox 545 4260 586 4310; x_wconf 88' lang='lat' dir='ltr'>the</span> <span class='ocrx_word' id='word_1_346' title='bbox 598 4262 704 4326; x_wconf 85' lang='lat' dir='ltr'>victory,</span> <span class='ocrx_word' id='word_1_347' title='bbox 715 4263 826 4325; x_wconf 77' lang='lat' dir='ltr'>growing</span> <span class='ocrx_word' id='word_1_348' title='bbox 837 4279 871 4328; x_wconf 89' lang='lat' dir='ltr'>up</span> <span class='ocrx_word' id='word_1_349' title='bbox 881 4262 911 4314; x_wconf 90' lang='lat' dir='ltr'>iu</span> <span class='ocrx_word' id='word_1_350' title='bbox 927 4278 1002 4328; x_wconf 84' lang='lat' dir='ltr'>many</span> <span class='ocrx_word' id='word_1_351' title='bbox 1014 4272 1040 4314; x_wconf 94' lang='lat' dir='ltr'>to</span> <span class='ocrx_word' id='word_1_352' title='bbox 1056 4263 1098 4313; x_wconf 87' lang='lat' dir='ltr'>the</span> <span class='ocrx_word' id='word_1_353' title='bbox 1113 4264 1257 4316; x_wconf 86' lang='lat' dir='ltr'>attainment</span> <span class='ocrx_word' id='word_1_354' title='bbox 1273 4270 1303 4317; x_wconf 86' lang='lat' dir='ltr'>os</span> 
     </span>
     <span class='ocr_line' id='line_1_40' title="bbox 100 4347 1298 4412; baseline 0.004 -14"><span class='ocrx_word' id='word_1_355' title='bbox 100 4367 115 4398; x_wconf 84' lang='lat' dir='ltr'>a</span> <span class='ocrx_word' id='word_1_356' title='bbox 125 4351 169 4402; x_wconf 85' lang='lat' dir='ltr'>rull</span> <span class='ocrx_word' id='word_1_357' title='bbox 180 4367 309 4402; x_wconf 81' lang='lat' dir='ltr'>assurance</span> <span class='ocrx_word' id='word_1_358' title='bbox 321 4349 427 4412; x_wconf 84' lang='lat' dir='ltr'>through</span> <span class='ocrx_word' id='word_1_359' title='bbox 438 4347 529 4407; x_wconf 83' lang='lat' dir='ltr'>Christ,</span> <span class='ocrx_word' id='word_1_360' title='bbox 541 4347 598 4398; x_wconf 83' lang='lat' dir='ltr'>who</span> <span class='ocrx_word' id='word_1_361' title='bbox 608 4347 630 4397; x_wconf 90' lang='lat' dir='ltr'>is</span> <span class='ocrx_word' id='word_1_362' title='bbox 640 4348 699 4397; x_wconf 89' lang='lat' dir='ltr'>both</span> <span class='ocrx_word' id='word_1_363' title='bbox 710 4349 752 4398; x_wconf 91' lang='lat' dir='ltr'>the</span> <span class='ocrx_word' id='word_1_364' title='bbox 763 4348 850 4399; x_wconf 90' lang='lat' dir='ltr'>author</span> <span class='ocrx_word' id='word_1_365' title='bbox 861 4349 908 4398; x_wconf 85' lang='lat' dir='ltr'>aud</span> <span class='ocrx_word' id='word_1_366' title='bbox 919 4349 1021 4399; x_wconf 84' lang='lat' dir='ltr'>finisher</span> <span class='ocrx_word' id='word_1_367' title='bbox 1031 4350 1060 4398; x_wconf 81' lang='lat' dir='ltr'>of</span> <span class='ocrx_word' id='word_1_368' title='bbox 1072 4365 1117 4400; x_wconf 83' lang='lat' dir='ltr'>our</span> <span class='ocrx_word' id='word_1_369' title='bbox 1127 4350 1211 4401; x_wconf 83' lang='lat' dir='ltr'>saith.’&#39;</span> <span class='ocrx_word' id='word_1_370' title='bbox 1229 4353 1298 4403; x_wconf 81' lang='lat' dir='ltr'>Pres-</span> 
     </span>
     <span class='ocr_line' id='line_1_41' title="bbox 102 4434 379 4499; baseline -0.014 -13"><span class='ocrx_word' id='word_1_371' title='bbox 102 4437 149 4499; x_wconf 71' lang='lat' dir='ltr'>byt</span> <span class='ocrx_word' id='word_1_372' title='bbox 162 4435 234 4487; x_wconf 74' lang='lat' dir='ltr'>Ocni</span> <span class='ocrx_word' id='word_1_373' title='bbox 246 4435 284 4486; x_wconf 74' lang='lat' dir='ltr'>cin</span> <span class='ocrx_word' id='word_1_374' title='bbox 292 4434 343 4484; x_wconf 84' lang='lat' dir='ltr'>xiv.</span> <span class='ocrx_word' id='word_1_375' title='bbox 355 4437 379 4483; x_wconf 81' lang='lat'>3.</span> 
     </span>
    </p>
   </div>
   <div class='ocr_carea' id='block_1_6' title="bbox 0 0 1403 5024">
    <p class='ocr_par' dir='ltr' id='par_1_14' title="bbox 0 0 1403 5024">
     <span class='ocr_line' id='line_1_42' title="bbox 0 0 1403 5024; baseline 0 0"><span class='ocrx_word' id='word_1_376' title='bbox 0 0 1403 5024; x_wconf 95' lang='lat' dir='ltr'> </span> 
     </span>
    </p>
   </div>
  </div>
 </body>
</html>
