2730 5018
53 354 73 377 η
98 258 159 332 teo
351 272 408 333 nn
430 270 648 331 eneruem
669 224 842 327 enesim
864 260 1053 326 narona.
1109 232 1111 241 ’

99 428 160 487 dire
174 429 236 500 ¹sine
251 428 389 496 Domino,
403 447 490 487 nemo
506 426 661 500 quidquam
676 426 802 501 incipere
812 425 879 482 siue
900 423 1040 481 Domino.
1080 419 1124 478 Et
1137 415 1204 474 ideo
1220 413 1299 490 juxta

99 524 282 603 Apostolum,
297 525 384 584 ‘Sive
398 523 586 587 manducatis,
599 522 660 578 sive
674 522 779 587 bibitis,
794 521 891 577 omnia
903 521 935 576 in
949 519 1007 576 Dei
1020 517 1142 594 gloriam
1156 509 1259 570 facite!
1268 510 1295 547 ”¹

141 604 189 678 Μ’.
211 622 242 678 S.
258 623 451 680 Auousatnua
464 620 494 676 in
510 617 641 694 Apostoli
656 618 740 674 verba
761 616 840 672 dicit.
881 625 902 651 ‘⁶
914 614 1069 672 Attendant
1089 611 1149 676 hic,
1169 618 1199 665 et
1219 607 1290 666 verbs

71 698 153 773 ”ista
167 715 352 792 perpendant,
378 715 428 787 qui
453 724 552 790 putant
565 731 602 769 ex
628 713 709 769 nobis
724 730 789 768 esse
811 711 878 768 fidei
899 722 1035 785 emptum,
1050 720 1079 764 et
1098 725 1137 763 ex
1152 703 1216 762 Deo
1235 721 1287 763 esse

99 809 167 868 fidei
181 810 423 885 supplementum.
446 849 454 866 .
539 806 624 873 Quod
637 826 706 882 ergo
728 808 848 882 pertinet
872 805 1090 891 adreligionem
1105 810 1135 859 et
1156 801 1285 876 pietaten,
1338 846 1341 851 .

99 904 135 963 de
149 923 206 979 qua
226 905 392 978 loquebatur
405 904 573 981 Apostolus,
594 903 622 960 ai
635 920 692 960 eeu
707 918 812 960 turnus
826 900 926 959 idonei
940 901 1072 976 cogitare
1084 895 1202 974 aliquid
1212 899 1285 972 quoti

100 1018 137 1057 cx
150 999 395 1076 nobismetipsis.-
416 998 545 1074 ptofeeto
565 1016 626 1056 non
639 1015 739 1054 sumna
762 996 858 1054 idonei
884 995 998 1052 credere
1020 991 1140 1065 aliquid,
1163 991 1241 1063 quasi
1257 1011 1282 1052 er

99 1094 326 1170 uobismetipsis,
341 1093 417 1167 quod
429 1096 491 1152 siue
506 1095 678 1170 cogitatione
693 1111 750 1149 non
766 1110 933 1168 possumus,
948 1089 998 1148 sed
1013 1087 1185 1146 sufficieutia
1195 1098 1282 1158 nostra,

101 1207 159 1264 qua
171 1189 286 1249 credere
298 1191 480 1266 incipiamus,
493 1188 606 1246 erDeo
620 1187 707 1245 est.''²
1253 1196 1258 1204 ⁴

140 1289 189 1344 66.
211 1288 243 1342 S.
258 1286 464 1352 Funcan'rms,
475 1304 624 1371 exponens
638 1285 772 1360 Apostoli
783 1295 913 1365 textum:
936 1292 956 1318 ‘⁶
966 1282 984 1340 J
987 1295 1067 1338 ustus
1079 1279 1188 1348 enfide
1198 1279 1281 1348 vivit,”

99 1379 187 1439 dicit:
208 1388 228 1417 “
241 1379 309 1439 vta
323 1391 419 1438 nostra
433 1401 449 1436 a
462 1380 521 1437 fide
534 1381 621 1438 sumit
635 1381 758 1437 initium.
801 1379 894 1445 Quam
920 1377 1006 1435 fidem
1028 1394 1085 1434 nou
1107 1393 1144 1432 ex
1159 1373 1283 1434 voluntate

99 1486 197 1536 nostra
209 1456 301 1546 nasei,
316 1477 367 1535 sed
381 1496 433 1554 per
447 1476 587 1553 Spiritum
601 1477 739 1535 Sanctum
754 1478 909 1548 uuicuique
923 1467 994 1542 dari,
1012 1475 1120 1532 Beatus
1135 1472 1240 1531 Paulus
1250 1493 1285 1531 oa·

99 1569 224 1631 tendit.”
247 1614 256 1630 .
278 1613 286 1629 .
310 1612 319 1629 .
342 1612 350 1629 .
372 1571 437 1630 “In
451 1572 578 1630 heminis
592 1571 679 1630 corde
703 1590 756 1629 uec
770 1571 884 1648 concipi
897 1571 970 1640 fides
984 1570 1097 1648 poterit,
1121 1587 1175 1626 uec
1194 1572 1287 1644 augeii,
1339 1616 1341 1627 .

99 1666 158 1725 nisi
171 1666 373 1742 eamSpiritus
389 1667 510 1725 Sanctus
525 1666 652 1724 effundet
666 1676 695 1723 et
709 1666 858 1725 nutriat.''⁸
994 1712 999 1721 .

142 1763 192 1818 67.
213 1759 333 1819 Accedit
345 1762 417 1819 ratio
431 1761 623 1839 Theologica,
636 1779 724 1833 quum
740 1762 816 1820 enirn
832 1761 904 1819 fide·
918 1761 1024 1820 donum
1045 1759 1103 1817 Ilei
1123 1758 1291 1835 praedicetur,

102 1865 132 1915 et
143 1857 234 1933 gratia
247 1856 304 1915 Dei
317 1857 350 1915 in
370 1858 449 1917 omui
463 1859 542 1916 bono
553 1876 639 1934 opere
653 1856 835 1935 agnoscenda
847 1859 898 1924 sit,
917 1857 951 1915 ad
973 1857 1102 1914 humana
1120 1855 1295 1913 desideriam

101 1962 222 2011 conatus
236 1953 379 2012 naturales
392 1951 460 2011 fidei
474 1955 519 2011 vel
541 1954 610 2011 boui
624 1954 719 2030 operis
743 1954 855 2011 initium
870 1953 969 2012 referri
994 1970 1052 2010 non
1075 1962 1191 2028 potest:
1212 1969 1295 2033 ‚sectis

17 2040 19 2049 ’
102 2047 241 2119 hominis,
261 2067 321 2109 nou
334 2048 402 2118 Dei,
423 2048 495 2109 foret
508 2048 579 2107 illud
592 2048 669 2107 uude
682 2049 772 2127 gratia
785 2058 814 2106 et
827 2048 905 2108 salus
919 2049 1014 2108 omnis
1028 2047 1191 2125 penderet*

497 2259 698 2303 omentorum
722 2259 908 2301 pneuma.

144 2399 194 2456 66.
219 2393 287 2474 otj.
304 2397 331 2452 1.
354 2393 520 2454 “Hominis
531 2397 707 2455 cstanimam
722 2394 1197 2474 prepararem—“cormunis
1209 2393 1305 2472 dispo·

104 2489 236 2549 nitriam
250 2487 378 2546 suem.”⁸
640 2517 644 2525 ·
1297 2520 1301 2526 ·

146 2585 195 2641 66.
216 2579 305 2660 Resp.
326 2583 501 2660 Prepsratio
514 2592 543 2643 et
555 2584 717 2661 dispositio,
732 2583 768 2642 de
782 2602 839 2656 que
852 2585 883 2642 in
896 2585 1016 2661 objectis
1030 2582 1101 2642 locis
1113 2591 1158 2640 est
1172 2583 1306 2655 quaestio,

104 2676 190 2753 longe
204 2677 316 2735 diversa
330 2688 374 2735 est
387 2678 422 2734 ab
434 2679 493 2745 illa,
508 2698 563 2752 que
577 2681 641 2752 quis
656 2679 717 2736 suis
730 2679 837 2736 viribus
852 2697 885 2736 se
898 2680 994 2755 gratie
1009 2679 1101 2736 faeere
1115 2677 1254 2735 idoneum
1266 2678 1307 2734 ri-

104 2772 229 2832 deretur.
270 2774 441 2832 “Hominis
466 2785 510 2831 eat
535 2776 660 2833 animam
683 2793 861 2851 praeparare:
884 2785 912 2831 et
935 2775 1056 2832 Domini
1075 2774 1233 2850 gubernare
1254 2773 1307 2829 lin·

104 2869 224 2946 guam.”
264 2869 396 2927 Insinuat
408 2890 490 2928 sacer
504 2872 624 2943 scriptor
638 2871 709 2928 adeo
724 2872 804 2928 lecile
820 2871 877 2928 labi
892 2890 1034 2943 quemque
1047 2887 1191 2936 sermone,
1204 2877 1235 2925 ut
1247 2868 1308 2926 Do-

104 2966 177 3025 mini
190 2966 310 3040 speciali
334 2967 463 3023 custodia
477 2967 612 3043 indigeat,
638 2967 706 3025 licet
732 2978 813 3024 antea
827 2986 924 3024 secum
940 2967 1106 3042 cogitaverit
1120 2965 1190 3037 quid
1210 2964 1306 3022 dicere

105 3069 244 3134 oporteat.
285 3060 352 3117 Alio
367 3061 432 3118 loco
445 3061 574 3118 additur:
598 3072 617 3097 “
628 3063 677 3119 sed
694 3063 814 3119 Domini
827 3073 872 3119 est
885 3061 1006 3136 dirigere
1020 3079 1137 3136 gressus
1147 3062 1212 3136 ejus
1222 3060 1254 3127 ;’'
1275 3069 1308 3117 ut

104 3146 278 3228 intelligatur
290 3165 383 3230 coepta
396 3164 491 3212 nostra
507 3156 603 3212 divino
625 3175 709 3232 egere
723 3158 830 3223 lavore,
855 3175 908 3214 nec
923 3175 960 3213 ex
974 3157 1080 3213 nostris
1093 3156 1213 3214 omuino
1233 3172 1306 3230 pen·

105 3248 172 3306 dere
186 3249 323 3305 conalliia.
366 3249 412 3305 De
426 3251 559 3325 operibus
582 3269 645 3321 quae
661 3251 696 3307 ad
721 3251 841 3307 salutem
866 3251 1024 3308 reseruntur
1045 3268 1104 3307 non
1123 3259 1235 3307 constat
1248 3250 1305 3326 agi.

106 3341 250 3399 Oaeterum
264 3350 293 3397 et
306 3342 335 3398 iu
350 3342 407 3409 hia,
431 3344 563 3402 humanis
577 3347 724 3403 conatibus
738 3355 767 3402 et
789 3348 994 3422 praeparatione
1006 3365 1078 3421 opus
1094 3356 1147 3412 est,
1173 3345 1307 3417 quamvis

105 3437 239 3512 cogitatio
254 3436 426 3504 salutariae
441 3440 547 3514 Spiritu
564 3442 670 3500 Sancto
685 3441 819 3508 derivata,
837 3459 952 3500 omnem
967 3450 1097 3500 nostrum
1110 3451 1243 3498 conatum
1258 3459 1306 3498 an·

107 3530 227 3599 tecedat,
242 3533 346 3611 atejus
361 3533 398 3590 sit
408 3553 504 3593 causa.

141 3785 183 3849 (l)
202 3784 257 3833 Lib.
267 3785 328 3835 ii.in
340 3784 443 3836 Luciii.
456 3792 498 3835 26.

171 3871 182 3934 )
203 3868 232 3916 L.
243 3870 274 3917 de
284 3869 358 3932 pred.
370 3869 454 3920 Senot
465 3887 487 3920 o.
498 3872 524 3920 ii.

139 3951 183 4017 (3)
202 3951 231 4000 L.
243 3954 274 4001 de
284 3947 450 4002 incarnatione
461 3963 486 4003 et
496 3957 574 4016 gratia
585 3956 687 4006 Christi.

138 4035 180 4098 (4)
196 4033 335 4084 Priestleius
346 4035 433 4085 fatetur
441 4052 472 4085 ex
480 4037 510 4084 iia
521 4038 646 4101 principiis
653 4055 707 4100 quea
716 4039 905 4102 semipelagiani
914 4042 1078 4100 admittebant,
1090 4042 1224 4092 doctrinam
1231 4060 1308 4107 quam

102 4120 271 4182 propugnabat
281 4119 438 4178 Augustinus
450 4122 526 4184 sequi,
545 4123 604 4170 adeo
617 4132 644 4171 ut
654 4123 701 4185 ipsi
718 4124 763 4171 sibi
781 4139 832 4172 non
852 4134 998 4176 constarent.
1032 4127 1153 4177 Ceterum
1170 4122 1308 4179 doctrinam

105 4199 258 4251 catholicam
270 4217 321 4250 non
332 4202 432 4252 feliciter
443 4205 544 4269 exponit
555 4203 702 4255 Priestleius.
735 4206 800 4257 Hist.
811 4224 861 4273 per.
872 4210 915 4259 xii
927 4219 985 4260 sect.
995 4211 1029 4260 ix.

138 4287 181 4350 (5)
202 4286 273 4335 Prot.
286 4286 336 4336 xvi.
351 4290 373 4336 1.
383 4320 391 4352 ,s

136 4370 176 4439 (e)
196 4370 295 4432 Ibidem,
307 4374 331 4424 t
