2744 5024
229 39 565 107 '·⁸'·*.'
728 39 762 85 ,.
972 40 1057 163 Χ

182 292 207 334 η,
283 238 340 301 DE
363 240 514 301 MORTE
535 239 708 301 CHRISTI
728 239 811 300 PRO
831 237 1033 301 OMNIBUS.
1059 166 1264 377 Nm
1308 232 1336 277 ω’

132 334 164 367 Π
210 340 214 345 “
524 362 545 377 ,,,

10 446 12 451 .
49 384 127 447 talus
143 409 249 453 omnes
263 407 383 472 peccato
402 350 529 457 mdrtuos
542 342 626 465 asad,
641 415 711 471 quae
719 406 817 455 tamen
839 397 915 456 haud
935 396 1042 456 valeret
1062 397 1143 464 ratio,
1158 397 1184 454 si
1204 416 1224 474 p

10 476 13 489 '
57 487 188 547 omnibus
211 493 331 551 omniuo
357 493 492 552 Christus
518 502 646 552 mortuus
671 512 731 553 nou
753 493 866 552 suisset.
908 493 973 551 Alia
996 492 1257 570 jaru'laudavimua

62 589 207 665 perspicua
229 593 298 661 satis
312 595 485 661 tustinmniu
500 593 604 666 quibus
625 591 726 651 dicitur
747 601 877 669 gustasse
898 595 1019 651 mortem
1043 609 1096 668 pro
1111 591 1256 658 omuibus,

69 676 169 743 dedisse
183 705 217 744 se
229 686 456 764 redemptionem
468 707 521 765 pro
535 689 679 756 omnibus,
695 697 724 746 et
738 706 803 746 esee
818 687 981 764 propitiatio
1001 705 1061 746 uon
1075 695 1183 747 tentum
1204 705 1256 763 pro

73 782 178 852 uacuus
192 784 309 852 uostris,
324 784 475 842 sedetiam
490 803 542 861 pro
557 785 642 843 totius
658 783 776 842 mundi:
800 784 985 857 quaomnia,
1000 785 1088 843 obvio
1109 802 1197 843 sensu
1212 802 1256 841 ac-

76 884 148 952 cepta,
156 877 303 938 Christum
316 899 367 957 pro
378 880 511 939 omuibus
522 890 643 938 mortem
655 898 736 938 suam
748 880 884 939 obtulisse
895 877 1027 948 suadent,
1039 890 1070 938 ut
1084 879 1256 939 sufficientia

79 968 224 1032 adsalutem
238 976 366 1035 subsidia
380 977 415 1034 iis
430 988 616 1054 compararet.
659 977 776 1036 Patrum
796 984 902 1054 praesto
916 985 984 1034 sunt
997 975 1177 1062 documenta.
1221 977 1253 1033 S.

80 1065 231 1128 dsuooruus
247 1072 466 1133 strsuzuuus
480 1075 515 1133 de
529 1074 640 1133 Christi
653 1074 836 1150 passionibus
845 1073 977 1146 loquens,
992 1071 1071 1130 dicit:
1088 1080 1170 1149 “per
1184 1090 1254 1144 quas

79 1180 157 1224 omnes
170 1167 313 1226 reformati
326 1188 438 1237 sumus,
451 1169 530 1228 nullo
544 1171 659 1247 penitus
673 1179 795 1246 excepto
809 1169 860 1242 qui
874 1166 971 1227 eidem
983 1166 1095 1226 Adamo
1106 1167 1255 1244 participa-

78 1259 197 1319 rimus.'’²
238 1263 270 1320 S.
285 1263 422 1322 Josuuus
437 1263 676 1323 Cunusosuouus
691 1265 775 1323 dicit:
799 1263 1010 1321 “Sacrificium
1024 1262 1139 1335 quidem
1158 1263 1253 1337 ipsum

75 1373 116 1430 pra
127 1367 179 1415 tota
192 1369 290 1417 natura
303 1360 428 1418 oblatum
443 1361 550 1428 fuerat;
577 1362 627 1434 qui
641 1373 735 1419 autem
756 1379 841 1419 usum
855 1359 988 1417 sacrificii
1007 1359 1177 1437 percipiunt,
1200 1357 1255 1416 soli

72 1454 328 1515 succedentem
358 1458 389 1516 S.
406 1460 588 1516 Auunosrus:
604 1468 623 1496 “
634 1461 697 1535 ipse
711 1460 905 1536 proomnibus
920 1459 1005 1517 vitam
1017 1458 1256 1518 suamobtulit.”⁸

69 1547 96 1607 S.
112 1551 326 1612 Hrunouurrus:
351 1563 370 1591 ‘⁶
387 1553 521 1613 Christus
538 1574 589 1632 pro
603 1557 736 1614 omnibus
748 1566 876 1615 mortuus
891 1564 944 1624 est,
959 1554 1039 1615 solus
1053 1555 1185 1615 inventus
1199 1567 1253 1624 est,

66 1645 185 1714 quietat
195 1647 374 1707 immaculata
385 1649 488 1717 hostia,
498 1668 550 1727 pro
564 1651 697 1708 omnibus
711 1650 760 1724 qui
774 1661 854 1709 erant
864 1652 895 1710 in
909 1659 1026 1728 peceato
1040 1653 1154 1720 mortui,
1170 1650 1254 1711 offer·
1305 1710 1310 1719 ,
1338 1664 1353 1719 4

62 1743 177 1801 retur.''⁴
217 1746 381 1806 Concilium
397 1747 595 1805 carisiacense
610 1767 685 1805 atino
697 1752 755 1805 855
770 1749 920 1824 perspicue
932 1747 962 1806 id
976 1748 1093 1807 docuit:
1117 1736 1304 1807 “Nullus-¹⁵
1334 1754 1341 1795 ἓ

60 1847 117 1907 est,
128 1841 187 1910 luit,
202 1843 247 1901 rel
262 1844 315 1902 erit
329 1844 427 1911 homo,
444 1862 494 1919 pro
517 1862 574 1916 quo
598 1862 701 1920 passus
723 1862 781 1901 non
802 1844 897 1912 suerit,
912 1844 982 1901 lieet
1003 1862 1062 1902 non
1075 1863 1175 1902 omnes
1191 1844 1303 1927 pas-³3¹,

10 1928 12 1933 ’
57 1935 222 2016 sionisejus
248 1941 387 2016 mysterio
402 1940 624 1998 redimantur.'’⁵
664 1940 802 2007 Quamvis
817 1939 847 1998 id
871 1941 1061 2018 improbatum
1076 1940 1138 1998 aliis
1159 1918 1282 2009 suetus*

56 2029 89 2086 si
105 2050 214 2092 censura
227 2036 495 2094 Valentinianorum
510 2046 620 2112 patrum
636 2054 733 2093 revera
748 2037 795 2103 sit,
811 2054 897 2108 quarn
911 2035 1027 2109 quidam
1042 2037 1254 2113 supposititiam

57 2139 183 2198 censent,
197 2142 309 2190 constat
322 2131 351 2188 id
366 2130 501 2208 deinceps
516 2132 666 2189 innoxium
681 2131 775 2189 visum
797 2149 872 2200 esse,
890 2150 956 2190 nam
977 2149 1097 2190 censura
1110 2132 1140 2191 iu
1161 2142 1255 2211 poste·

56 2221 175 2283 rioribus
190 2227 376 2286 conciliorum
392 2227 539 2285 codicibus
554 2226 738 2285 desideratur.

107 2324 166 2379 tlt.
187 2323 233 2380 Ea
246 2324 318 2382 ratio
332 2322 500 2395 loquendia
523 2322 656 2381 Concilio
679 2323 849 2383 Tridentino
871 2333 1006 2400 usurpata
1026 2334 1087 2382 est:
1111 2333 1131 2361 “
1145 2324 1254 2384 Verum

61 2412 128 2503 licet
137 2420 180 2477 ille
194 2438 246 2497 pro
261 2420 394 2479 omnibus
408 2429 536 2477 mortuus
551 2430 604 2488 est,
621 2439 680 2479 non
702 2439 803 2480 omnes
825 2431 919 2481 tamen
940 2423 1040 2481 mortis
1060 2424 1124 2501 eJus
1148 2424 1254 2481 benefi-

15 2559 18 2562 .
66 2511 135 2573 cium
147 2517 295 2595 recipiunt,
312 2517 363 2575 sed
375 2517 396 2575 ii
410 2517 557 2591 dumtaxat
566 2519 669 2591 quibus
684 2521 816 2577 meritum
832 2521 975 2595 passionis
987 2521 1050 2597 ejus
1062 2523 1254 2601 communica-

71 2609 149 2667 tur.'’⁰
192 2613 339 2686 Equidem
365 2613 571 2690 benignissima
595 2613 706 2670 Christi
729 2632 797 2690 arga
822 2607 980 2673 humanum
1006 2632 1097 2690 genus
1122 2615 1253 2675 voluutas

73 2705 157 2766 suadet
168 2718 197 2767 ut
210 2728 277 2768 eum
293 2717 435 2767 mortuum
458 2727 511 2785 pro
532 2710 666 2766 omnibus
687 2727 867 2767 censeamus.
910 2709 995 2777 Quod
1018 2718 1113 2766 autem
1135 2709 1252 2782 quidam

10 2842 12 2847 -
77 2804 138 2861 onai
151 2807 244 2864 salutis
260 2805 388 2864 subsidio
402 2805 551 2863 videantur
566 2805 679 2881 privari,
693 2825 750 2864 non
765 2808 865 2882 probat
876 2824 926 2864 eos
941 2825 1007 2864 vere
1021 2824 1057 2863 eo
1071 2824 1176 2874 carere,
1186 2825 1252 2865 uam

10 2898 12 2907 '
78 2893 142 2958 Deus
152 2905 253 2978 ubique
267 2902 356 2971 adest,
372 2914 401 2960 et
424 2904 504 2960 miris
526 2904 703 2977 occultisque
726 2903 819 2962 modis
834 2907 930 2982 gratiae
953 2905 1059 2963 auxilia
1078 2905 1251 2982 suppeditat.

78 2991 113 3051 Ad
122 2999 234 3060 infantes
250 3003 358 3073 absque
372 3001 515 3075 baptismo
530 3011 681 3078 pereuntes
697 3001 772 3074 quod
790 3003 923 3079 pertinet,
939 3001 996 3060 dici
1010 3011 1104 3079 potest
1117 3003 1153 3060 iis
1167 3003 1253 3062 etiam

76 3101 155 3159 parata
171 3115 233 3155 esse
262 3095 399 3163 subsidia,
421 3094 473 3153 sed
494 3097 600 3164 Deum,
624 3099 802 3173 provisorem
827 3099 1000 3176 generalem,
1023 3117 1082 3159 uon
1103 3100 1192 3159 teneri
1215 3099 1250 3157 ad

73 3194 162 3249 natura
174 3192 302 3252 ordinem
318 3191 516 3252 invertendum
530 3194 678 3264 miraculo,
698 3205 729 3253 ut
744 3196 779 3253 iis
793 3197 933 3256 consulat.

286 3371 323 3430 (1)
342 3367 409 3416 Orat
420 3372 558 3427 xxyl'uune
570 3371 610 3416 33.
619 3385 644 3419 u.
657 3372 681 3419 9.

191 3518 193 3523 y
285 3453 371 3515 (2)1n
382 3448 522 3502 Galliac.

208 3541 210 3545 ⁴
282 3537 321 3598 (3)
339 3536 369 3586 L.
381 3537 411 3587 de
422 3537 448 3586 S.
459 3536 552 3600 Joseph
563 3552 584 3585 e.
601 3540 625 3583 7.

264 3623 321 3685 ,(4)
338 3621 367 3670 lu
379 3621 508 3671 commod
521 3635 623 3682 cuep.
637 3623 652 3666 2
665 3619 695 3669 ad
707 3618 818 3671 Corinth.

224 3688 255 3739 ‘3²'
283 3709 322 3768 (5)
341 3705 420 3770 Creey
431 3705 458 3754 iu
472 3704 588 3754 Picardia
600 3702 662 3768 Cap.
673 3705 705 3755 iv.

285 3793 324 3854 (6)
342 3791 407 3841 Ssss.
416 3792 448 3842 ui.
459 3806 504 3854 cap
516 3792 540 3839 3.
550 3789 580 3839 ds
588 3789 665 3854 J'ustif.
690 3857 691 3860 Ἴ
