2744 5024
416 281 473 344 ult
492 278 958 351 tumultuatores.
1099 282 1104 291 ’
1172 342 1176 349 .
1238 289 1296 348 343
1318 310 1327 329 ⁸
1353 312 1369 353 c

88 443 147 505 tn,
163 435 219 495 trin
232 437 315 498 hmo:
337 438 429 517 major
441 449 536 500 sutem
551 442 653 504 horum
667 455 713 535 opt
724 447 914 506 chariusss’u
933 445 1080 521 Equidem
1091 446 1155 525 ipsu
1166 455 1210 504 est
1222 444 1295 504 fides

86 551 149 608 qun
163 534 289 596 creditur
303 536 432 606 Christo,
445 550 476 597 st
486 556 553 614 qua,
568 542 633 618 eius
642 543 760 609 nomine
770 546 913 612 invocato,
925 556 1068 622 patrantur
1081 544 1219 622 prodigia.
1249 543 1296 601 De

87 628 201 688 fiducia
214 633 316 701 venie,
330 651 417 693 sensu
432 635 651 707 Protestnutioo,
664 657 718 699 neu
732 641 779 699 hic
793 659 848 701 uec
862 642 929 700 slibi
943 642 1003 719 ugit
1015 641 1182 718 Apostolus.

134 729 206 785 328.
232 727 300 806 obj.
316 733 346 788 3.
370 730 534 808 Principes,
548 732 584 791 de
599 735 703 807 quibus
717 736 844 810 loquitur
863 737 1001 804 Ioannes,
1016 755 1074 796 nou
1095 737 1247 797 credehut
1265 734 1296 793 lu
1359 813 1361 817 ἲ

90 817 246 899 Christum
260 822 317 880 fide
327 824 515 900 justificante,
530 827 581 885 sed
596 828 721 887 humanu
734 830 856 903 quodum
871 850 922 890 seu
935 823 1070 889 historica
1084 831 1151 888 tide.
1186 848 1189 855 ·

84 948 100 1001 ·.ς
125 914 206 976 m·
225 916 315 996 Resp.
336 919 479 980 Dicuntur
489 922 530 980 illi
542 923 572 981 iu
587 923 736 984 Christum
748 926 1088 985 credidisse-insomne
1105 929 1138 988 lc,
1148 925 1297 984 dude-eu

84 1008 248 1074 νήσω
260 1015 383 1076 formula
398 1036 454 1090 quc
468 1019 525 1096 ipsi
539 1020 603 1096 ojus
617 1019 752 1099 discipuli
765 1021 882 1081 credero
896 1023 965 1080 nlius
976 1022 1117 1080 dicuntur.
1161 1019 1243 1078 Nihil
1255 1020 1298 1076 iu·

45 1164 47 1179 ,
68 1108 71 1113 ’
93 1092 162 1171 nst
172 1108 263 1171 udan
273 1112 350 1172 illam
364 1133 424 1173 non
437 1114 527 1173 luisse
541 1134 649 1185 verum,
664 1120 806 1190 quumvis,
822 1119 972 1178 deficiente
987 1131 1105 1176 externa
1118 1116 1297 1195 professione

60 1208 66 1219 ‘
90 1213 125 1267 σν
135 1205 357 1278 obedientium
367 1211 510 1287 justitium
523 1231 582 1272 non
596 1214 743 1290 profuerit.

81 1372 84 1381 Ι
130 1304 209 1384 333.
222 1301 291 1382 obj.
306 1306 336 1362 t.
350 1304 477 1365 Jucobus
491 1306 526 1365 de
542 1307 598 1366 fide
609 1310 674 1368 viva
682 1320 712 1368 et
726 1328 800 1379 vern,
815 1330 873 1385 qus
883 1312 994 1371 scilicet
1009 1310 1143 1369 homines
1154 1308 1226 1385 j'usti
1237 1305 1298 1363 effi·

90 1397 218 1467 ciuntur,
228 1402 460 1480 nonagiteoloci
469 1405 622 1476 quotidem
633 1407 770 1483 prodesse
781 1419 875 1484 negot.
908 1409 1011 1485 Arguit
1019 1418 1199 1484 peccatorem
1209 1403 1295 1462 fidem

92 1495 151 1552 sibi
175 1495 380 1567 vindicantem,
406 1501 444 1558 ob
468 1502 594 1560 sterilem
622 1503 748 1561 veritatis
775 1505 915 1572 notitiam,
942 1504 1056 1577 qualem
1083 1502 1141 1579 ipsi
1166 1500 1296 1557 demone

92 1590 210 1652 habeut.
250 1593 340 1672 Igitur
353 1614 417 1655 snm
442 1597 517 1656 haud
531 1597 736 1676 designandam
752 1601 839 1659 tidem
861 1601 963 1668 innuit,
979 1611 1091 1659 mortua
1112 1599 1295 1675 quippeest,

93 1698 124 1746 et
135 1690 244 1749 nullius
258 1711 375 1768 morsus
394 1695 510 1754 soloris.

145 1791 216 1846 331.
237 1787 327 1867 Reup.
349 1789 495 1864 Equidem
510 1791 547 1850 de
561 1792 618 1850 lide
632 1811 689 1867 qus
696 1795 796 1870 justus
815 1795 879 1852 Deo
893 1789 964 1851 vivit
983 1813 1042 1852 nou
1056 1792 1115 1869 agit
1129 1789 1295 1868 Apostolus,

98 1884 209 1962 quippo
238 1886 288 1959 qui
308 1888 437 1961 quesitur
463 1907 560 1965 opera,
581 1889 650 1948 fidei
671 1891 801 1949 salutaris
822 1900 990 1966 argumento
1003 1902 1031 1949 et
1050 1892 1168 1955 lruotus,
1184 1885 1295 1943 deesse.

94 1981 242 2040 Caeterum
256 1983 320 2059 ipss
332 1995 378 2042 est
387 1984 459 2042 fides
469 1986 557 2061 justis
572 1997 601 2044 st
613 1987 728 2063 injustis
753 1987 927 2055 communis,
942 1989 982 2045 uti
1006 1987 1098 2060 liquet
1119 2004 1156 2042 ex
1169 2003 1205 2040 eo
1219 1981 1297 2055 quod
1345 1988 1348 1993 '

93 2076 255 2154 Apostolus
266 2089 367 2156 purgat
378 2079 415 2138 de
437 2080 494 2138 lide
514 2081 637 2139 Abrahae
650 2082 740 2156 loqui,
756 2101 819 2156 qun
834 2074 1024 2140 obedientiam
1040 2081 1105 2139 Deo
1121 2079 1234 2156 jubenti
1248 2095 1296 2155 pe·

94 2175 179 2250 perit.
221 2173 306 2241 Quod
321 2187 415 2234 autem
430 2177 567 2236 Numinis
582 2179 711 2237 notitiam
725 2174 811 2253 quom
824 2179 930 2237 habeut
943 2179 1098 2247 demones,
1115 2178 1172 2235 rim
1187 2177 1251 2251 ejus
1266 2175 1296 2230 iu

94 2271 247 2349 suppliciis
268 2272 419 2348 patientes,
434 2291 501 2330 cum
514 2275 604 2332 sterili
614 2275 762 2334 christiani
775 2264 902 2351 &minis
916 2275 973 2334 fide
988 2286 1144 2354 comparet,
1160 2292 1218 2332 nou
1232 2290 1298 2349 pro·

93 2369 142 2427 bnt
153 2387 206 2428 eos
219 2369 335 2428 credere
348 2369 447 2429 cadem
463 2372 571 2430 ratione
586 2373 725 2442 acilium,
740 2371 792 2431 sed
803 2374 943 2443 notitiam,
959 2393 1022 2448 quae
1032 2375 1139 2432 fructus
1153 2372 1295 2430 bonorum

94 2483 216 2543 operum
230 2484 291 2527 nou
300 2466 396 2536 habnt,
407 2467 621 2545 uouprodesse.
663 2469 696 2529 ld
710 2470 740 2528 iu
754 2471 888 2530 omuibus
900 2471 1159 2547 comparationibus
1171 2465 1296 2527 animad-

93 2561 273 2632 vertendum,
300 2562 426 2638 aliquam
452 2563 671 2622 similitudinem
698 2564 831 2623 sufficere
851 2575 884 2623 ut
904 2566 1067 2637 efferantur,
1082 2566 1151 2637 quin
1165 2565 1244 2620 omni
1258 2579 1296 2618 ex

94 2657 367 2734 purtcoouveuisut.
408 2657 525 2717 Mortua
538 2656 642 2716 dicitur
653 2657 737 2726 fides,
758 2657 891 2732 eoquod
912 2658 947 2716 ad
968 2659 1089 2716 salutem
1114 2674 1173 2715 non
1193 2655 1294 2731 prosit,

92 2753 163 2812 licet
174 2771 243 2812 vern
257 2752 328 2812 fides
342 2753 389 2828 sit,
402 2754 478 2812 sicut
497 2772 596 2812 verum
623 2763 668 2815 est
689 2772 804 2829 corpus,
826 2755 912 2813 etiam
936 2755 972 2812 ab
1001 2754 1096 2811 anima
1116 2750 1293 2840 derelictum..

93 2849 195 2910 licent
216 2850 306 2936 Rulli,
319 2849 450 2938 prunulis
463 2850 625 2928 Anglioaui,
641 2850 691 2924 qui
711 2850 792 2927 plura
812 2852 937 2928 egregio,
958 2849 1101 2922 nonnulla,
1114 2848 1210 2905 minus
1232 2863 1295 2923 pro·

93 2945 189 3006 banda
201 2947 327 3025 scripsit,
340 2946 426 3005 verbu
439 2946 473 3005 ud
488 2966 548 3005 rem
563 2957 688 3006 nostram
703 2946 864 3005 transferre.
909 2944 1081 3006 “Unicum”
1097 2945 1200 3017 iuquit,
1216 2952 1235 2979 ‘⁴
1248 2960 1295 3000 so·

94 3041 245 3103 lummodo
269 3042 588 3116 observationemque
609 3044 701 3120 magis
721 3043 787 3101 usui
808 3043 871 3113 erit,
886 3043 1041 3120 adjiciam3
1063 3058 1168 3118 nempe
1181 3058 1220 3097 ex
1239 3038 1294 3095 hoc

94 3142 160 3218 ipss
173 3141 307 3218 Apostoli
320 3140 506 3200 similitudine
527 3140 636 3217 optime
650 3141 769 3200 stabiliri
790 3140 1001 3200 distinctionem
1017 3141 1095 3198 illam
1114 3137 1193 3204 fidei,
1207 3155 1293 3211 quam

93 3246 235 3297 nostrates
249 3236 379 3315 plerique
393 3245 499 3294 temere
513 3236 667 3314 exagitant,
683 3236 744 3317 (vix
759 3237 814 3294 alin
827 3247 904 3296 certe
917 3237 953 3295 de
968 3255 1072 3304 causn3
1094 3253 1180 3309 quam
1195 3232 1295 3307 quius
1351 3288 1357 3295 ,

93 3332 258 3393 Pontificiis
284 3342 419 3410 usurpata
440 3333 492 3408 sit)
518 3332 547 3390 iu
573 3331 733 3412 insomnem
757 3343 786 3391 et
802 3332 984 3412 formatum.
1026 3333 1157 3410 Optarim
1173 3339 1249 3389 certe
1263 3339 1296 3386 ut

94 3441 205 3488 ceteros
223 3448 324 3488 omues
339 3429 581 3487 Scholasticorum
603 3427 800 3485 distinctiones
822 3438 879 3486 tum
895 3441 992 3487 esseut
1011 3430 1044 3487 S.
1060 3428 1214 3504 Scripturis
1228 3444 1296 3486 cou-

93 3535 249 3584 sentuoso.
290 3525 346 3584 list
363 3524 441 3583 euim
459 3522 541 3601 fides
563 3519 704 3602 innormis
729 3520 870 3596 Apostolo
892 3521 968 3579 velut
987 3540 1091 3596 eorpus
1114 3523 1251 3584 inanime,
1266 3530 1296 3576 et

91 3619 311 3702 fidsrformatu
326 3620 404 3679 velut
416 3636 520 3696 eorpus
535 3619 701 3676 auimatum.
743 3617 792 3674 Sic
806 3635 875 3693 crgo
889 3617 1022 3689 utrinque
1044 3633 1111 3672 veru
1123 3615 1206 3680 fides,
1220 3614 1295 3670 sicut

93 3718 229 3790 utrinque
239 3735 337 3778 verum
351 3734 466 3792 corpus.
515 3713 554 3771 At
566 3732 634 3771 vero
648 3713 723 3770 sicut
736 3731 840 3791 corpus
854 3713 979 3770 inanime
993 3711 1064 3770 nihil
1086 3711 1153 3789 agit,
1168 3713 1211 3769 sio
1221 3707 1294 3766 fides
1328 3779 1330 3786 Ι

95 3814 180 3874 bonis
195 3814 330 3892 operibus
344 3832 401 3872 non
414 3813 536 3870 animata
550 3810 622 3869 nihil
637 3809 807 3873 adsalutem
823 3808 986 3886 prodest.”¹

134 3916 205 3970 333.
230 3908 298 3988 Οῲὶ
313 3914 342 3968 o.
363 3906 491 3968 Jonnues
505 3906 662 3984 Apostolus
676 3904 817 3964 mendacii
832 3906 925 3982 arguit
936 3922 1001 3962 eum
1018 3903 1068 3978 qui
1083 3904 1210 3962 notitiam
1226 3900 1294 3958 fidei

95 4010 205 4083 ubsque
217 4005 413 4065 mandatorum
428 4003 625 4063 observatione
639 4003 694 4060 sibi
709 4001 851 4062 vindicat:
875 4001 962 4069 “Qui
983 4000 1053 4060 dicit
1072 4018 1104 4057 so
1124 4014 1210 4056 nosse
1225 4014 1293 4054 eum

97 4100 236 4184 (neum),
250 4099 422 4160 etmendota
437 4100 499 4177 ejus
513 4116 572 4157 non
583 4097 716 4166 custodit,
732 4096 856 4164 mmdax
870 4096 962 4156 est.”⁸
1002 4107 1021 4174 ‘f
1031 4097 1089 4167 Qui
1109 4113 1167 4154 nou
1191 4091 1294 4170 diligit,

95 4218 153 4259 non
168 4196 250 4256 novit
262 4195 375 4253 Deum:
397 4195 533 4268 quoniam
547 4192 628 4251 Deus
643 4192 765 4251 charitas
780 4192 871 4284 est.'’⁴

267 4313 310 4378 (1)
329 4309 480 4362 l.Oor.xiii.
494 4312 533 4360 13.
580 4326 585 4333 ·

150 4430 154 4437 ·
264 4397 304 4462 (3)
322 4391 653 4457 Bullusinllnrm.Apost.
663 4390 729 4442 Diu.
740 4392 937 4458 postem&

266 4481 306 4544 (s)
325 4479 345 4529 1.
355 4479 429 4530 roan.
440 4479 466 4528 n.
477 4479 502 4525 4.

173 4591 185 4608 ·
267 4564 307 4632 (4)
325 4563 506 4623 Ibidemlue.
