2744 5024
117 282 180 341 aro
227 252 272 363 Ἰ
377 271 436 343 uu
456 269 666 335 corrosuri
686 270 865 334 ornauit
886 272 1064 337 niumm

154 438 228 493 ut.
250 429 319 509 obj.
332 434 365 489 7.
379 426 455 495 uuo,
470 428 534 487 rita
546 440 660 487 corna
677 426 982 504 mercuri-to
993 429 1320 513 ttdnnq'drtnliitrr,

119 530 191 591 tlara
205 526 314 589 manda
326 524 433 585 auoit
445 524 576 583 uttuitur
589 523 647 581 rita
659 537 775 583 :tem

156 630 227 684 442.
241 620 332 698 Eup.
347 616 432 677 Nihil
441 618 617 677 detrahimur
628 617 705 684 Duo,
716 621 899 695 agnostimua
909 621 988 679 oraim
997 621 1079 681 nollo
1091 632 1204 681 muira
1217 631 1320 681 aura

112 720 221 799 jrmad
231 715 455 795 regaacdoetia
465 714 745 791 pateroaditttm,aed
755 734 793 773 ex
803 715 914 774 inliaita
921 717 987 792 cjua
994 717 1320 777 bonitatomilaildetta·

117 818 215 877 himua
236 815 368 878 Christo,
381 830 441 871 aon
462 812 541 869 cuim
562 829 712 890 operamur
733 812 865 877 alutem
878 812 936 869 niri
953 813 1018 888 ojus
1038 815 1184 890 augure
1202 814 1320 890 exp'ni.

119 910 282 972 Promisaio
295 907 420 968 celetur
434 905 607 963 hereditatis
621 906 775 964 tribuenda
789 907 877 964 libere
890 906 964 964 lacta
975 920 1039 974 αις
1052 909 1187 967 subsidia
1198 908 1239 967 ad
1256 926 1318 967 rata

118 1005 328 1081 Quendam
342 1004 431 1082 grati·
443 1003 568 1071 donant
588 1002 661 1061 adeo
675 1015 706 1062 ut
724 1015 814 1061 totum
829 1004 929 1061 salutis
948 1023 1023 1079 opus
1042 1006 1272 1065 mirericordiam
1290 1018 1320 1063 et

118 1101 275 1161 bonitatem
289 1099 415 1157 divinam
429 1097 621 1155 commendet.
661 1096 852 1161 ‚conditiones
871 1096 1007 1156 divinitus
1027 1101 1214 1176 praecripta
1231 1101 1321 1159 adin·

118 1198 238 1279 pleudo,
257 1199 309 1273 jus
330 1196 516 1268 acquirimur,
529 1193 608 1266 qood
627 1193 768 1257 unia
788 1195 877 1254 libcra
890 1194 947 1253 Dei
967 1198 1161 1272 proni-iou
1179 1199 1319 1257 inuititur.

119 1292 211 1369 igitur
224 1293 352 1350 bortatur
363 1308 419 1347 noa
438 1289 607 1365 Apostolus,
620 1302 652 1346 ut
664 1288 739 1347 bau
748 1309 879 1366 agamiam
893 1293 1085 1351 retributionis
1098 1312 1173 1370 spe:
1195 1295 1322 1361 “Quod-

118 1405 243 1460 cumque
267 1384 371 1452 facitis,
385 1403 424 1443 οι
444 1385 541 1443 auimo
562 1386 732 1461 operamini,
753 1386 829 1444 sicot
853 1386 992 1454 Domino,
1011 1400 1042 1445 et
1059 1407 1120 1447 uon
1143 1389 1323 1457 bominibus,

119 1484 246 1547 cicuta
260 1480 338 1556 quod
350 1501 369 1539 a
382 1479 510 1541 Domino
523 1483 669 1557 accipietia
683 1483 897 1542 retributionem
909 1484 1132 1543 tenuatim

571 1655 862 1707 aumaonasmtrrts,

160 1800 232 1855 443.
254 1795 360 1853 Gravia
374 1793 528 1853 admodum
541 1802 587 1850 cst
599 1793 673 1851 inter
686 1793 854 1871 Tbeologos
867 1797 1071 1865 controversia,
1087 1806 1183 1856 utrum
1197 1801 1325 1876 predes-

121 1894 221 1951 tinatio
236 1891 271 1948 ad
293 1891 414 1968 gloriam
427 1891 477 1947 fiat
490 1907 528 1946 ex
547 1908 626 1946 mera
642 1887 699 1946 Dei
719 1890 901 1966 benignitate,
917 1891 963 1958 rel
983 1909 1021 1947 ex
1042 1911 1163 1967 operum
1177 1898 1323 1954 bonomm

121 1989 302 2066 pmririone.
344 1987 466 2045 Constat
480 1996 576 2043 antem
591 1985 667 2062 apud
680 2005 782 2043 omnes
796 1986 1088 2064 praedestinationem
1101 1990 1321 2060 admittendam,

120 2096 257 2141 eternum
271 2083 382 2140 scilicet
392 2081 448 2140 Dei
461 2081 605 2138 decretum
619 2081 655 2138 de
665 2082 755 2157 gloria
767 2081 936 2154 quibusdam
950 2081 1052 2139 darida.
1077 2095 1096 2165 f·
1105 2086 1151 2143 An
1163 2091 1322 2162 quisquam

121 2178 216 2237 dicore
236 2177 383 2245 audebit,”
404 2190 484 2254 rogat
504 2179 691 2253 Augustinus,
713 2186 734 2213 ‘⁸
746 2176 851 2235 Deum·
865 2196 924 2236 uon
944 2177 1094 2254 praescisse
1116 2183 1222 2254 quibus
1243 2201 1325 2243 esset

122 2275 238 2332 daturus
253 2287 284 2330 ut
304 2274 464 2340 crederent,
477 2281 526 2328 aut
546 2291 619 2344 quos
633 2273 748 2329 daturus
761 2285 838 2330 esset
852 2274 927 2331 Filio
939 2292 1004 2339 auo,
1019 2285 1050 2330 ut
1061 2295 1099 2333 ex
1113 2277 1156 2334 eis
1177 2297 1239 2336 nori
1258 2299 1325 2356 per-

121 2370 200 2428 deret
213 2388 386 2441 quemquam
397 2372 409 2425 l
450 2371 523 2434 Quae
533 2373 631 2441 utique
644 2371 669 2426 si
683 2371 837 2444 prescivit,
852 2369 979 2448 prolecto
991 2373 1131 2432 beneficia
1142 2394 1207 2444 sua,
1216 2379 1324 2450 quibus

121 2483 175 2524 nos
198 2465 330 2541 dignatur
345 2464 474 2532 liberare,
490 2464 643 2539 prrcseirit
685 2464 765 2522 Iluro
785 2485 841 2523 asa
862 2485 1111 2527 ramnmmmo
1129 2490 1323 2544 aatrmoaua,

122 2563 194 2622 nihil
216 2561 311 2619 aliud:
334 2562 512 2638 praescieutia
533 2562 642 2619 scilicet
660 2573 689 2618 et
713 2565 880 2638 praeparatio
900 2566 1101 2624 beneficiorum
1125 2567 1193 2636 Dei,
1217 2573 1324 2643 quibua

123 2661 281 2718 certissime
296 2658 447 2715 liberantur
461 2659 633 2730 quicumque
648 2657 847 2715 liberantur.'’'
887 2661 966 2716 Alias
987 2662 1072 2718 dicit:
1097 2664 1161 2722 “lu
1181 2685 1236 2723 sua
1256 2685 1324 2739 quas

123 2758 181 2816 salli
205 2758 362 2827 mutarique
390 2774 446 2812 non
474 2770 575 2829 pateat,
600 2756 787 2830 praescientia,
812 2774 900 2831 opera
923 2776 976 2813 sua
998 2759 1090 2816 sutura
1111 2761 1277 2837 disponere,
1294 2764 1324 2820 id

128 2856 246 2912 omniuo
282 2872 374 2925 neque
405 2853 481 2909 aliud
516 2853 668 2925 quidquam
702 2865 746 2909 ert
779 2855 1024 2927 ptaedtstinareff'J
1078 2857 1200 2916 Constat
1235 2862 1324 2919 etiam

125 2949 339 3026 praedestinatos
362 2949 477 3005 nonnisi
500 2950 554 3003 fide
578 2962 606 3003 ct
628 2950 765 3005 bonorum
787 2967 906 3024 operum
930 2953 1067 3008 exercitio
1081 2955 1166 3010 vitam
1184 2967 1325 3015 aeternam

125 3065 226 3122 reapse
238 3046 388 3117 consequi,
405 3064 469 3101 nam
485 3045 525 3100 uti
540 3045 736 3101 animadvertit
750 3045 948 3120 Hieronymus
964 3049 991 3103 in
1008 3049 1089 3106 Pauli
1105 3052 1325 3112 testimonium:

126 3156 148 3178 ⁶·
159 3142 238 3197 Vasa
248 3139 451 3198 misericordiae
466 3158 530 3210 quae
544 3141 711 3213 praeparavit
726 3139 842 3214 (Deus)
857 3143 886 3198 in
908 3143 1036 3217 gloriam,
1052 3164 1114 3216 quae
1134 3149 1247 3205 vocavit
1266 3161 1325 3206 ctc.

125 3257 183 3295 non
199 3237 289 3292 saltat
304 3234 537 3298 irrationabiliter,
553 3248 580 3288 et
595 3237 701 3303 absque
718 3235 821 3308 judieii
838 3239 962 3304 veritate,
977 3240 1027 3295 sed
1044 3242 1137 3297 causis
1159 3244 1327 3318 praeceden-

126 3329 249 3386 tibus.’'⁴
288 3328 410 3382 Constat
438 3328 541 3399 pariter
566 3328 661 3401 gratias
690 3330 804 3385 auxiliis
830 3350 903 3407 opus
927 3351 992 3391 esse
1020 3349 1049 3392 ut
1076 3350 1155 3394 actus
1182 3340 1327 3399 salutares

126 3426 284 3491 eliciantur,
299 3436 328 3480 et
341 3443 375 3480 ea
390 3422 467 3480 nullo
482 3437 579 3481 nostro
591 3425 683 3483 meriti
698 3427 759 3483 niti.
797 3427 852 3485 His
863 3431 1029 3487 certissimis
1041 3435 1144 3518 agnitis
1161 3436 1326 3516 principiis,

127 3520 419 3597 quaerunt'l'heologi,
432 3532 525 3578 utrum
536 3521 615 3578 Deus
631 3523 805 3589 meritorum,
821 3527 916 3599 gratim
931 3529 1038 3584 auxilio
1053 3533 1326 3605 comparandorum,

127 3624 229 3679 iutuitu
239 3620 344 3678 clectos
354 3619 387 3674 ad
400 3618 518 3693 gloriam
531 3619 720 3676 destinaverit:
734 3620 776 3676 vel
786 3638 836 3677 eos
843 3623 928 3697 gratis
939 3623 972 3679 ad
973 3625 1098 3700 gloriam
1109 3628 1237 3703 elegerit,
1248 3630 1328 3690 ideo·

127 3737 182 3789 que
190 3716 294 3771 auxilia
302 3715 438 3778 efficacia,
449 3714 656 3784 quibussalutis
666 3732 752 3790 opera
761 3715 847 3782 certb,
859 3718 944 3773 libere
954 3732 1057 3784 tamen,
1068 3723 1228 3796 perficiant,
1240 3728 1327 3785 tribu·

128 3816 179 3870 eri:
197 3812 350 3869 ‚llolinistae
361 3824 388 3866 et
398 3809 578 3885 Congruistae
588 3811 716 3885 plerique
729 3812 1003 3886 praedertinatiouem
1017 3817 1066 3873 niti
1075 3821 1245 3880 meritorum
1258 3844 1329 3899 prae·

129 3910 248 3965 scientia
258 3919 393 3963 censent:
417 3907 879 3981 AugustinianeuseS,Thomistae,
893 3928 948 3967 una
959 3931 1023 3968 cum
1036 3913 1182 3982 Suarosio,
1190 3918 1329 3993 aliisque,

130 4016 228 4081 putant
256 4000 533 4077 praedestinationem
560 4021 624 4058 esse
651 4001 810 4058 absolutum
839 4003 894 4060 Dei
919 4004 1074 4073 decretum,
1101 4010 1180 4082 quod
1206 4032 1328 4074 omnem

462 4177 503 4239 (l)
525 4174 580 4224 Col.
593 4175 625 4223 iii.
633 4178 673 4223 23.

462 4262 504 4323 (2)
525 4260 562 4308 De
573 4261 637 4308 dono
650 4277 740 4323 persev.
752 4279 773 4310 c.
786 4262 837 4311 xiv.
849 4279 874 4311 n.
887 4267 926 4312 35.

465 4344 507 4406 (3)
529 4345 620 4395 [bidem
629 4360 650 4392 c
664 4347 721 4394 xvii.
731 4363 755 4398 n.
768 4348 808 4393 41.

460 4427 500 4490 (4)
517 4428 564 4493 Ep.
579 4431 626 4478 1⁵0
638 4431 667 4480 ad
680 4432 811 4481 Hrdibittm
822 4449 845 4496 q.
857 4434 894 4480 lb.
