2744 5024
256 283 271 322 θ
413 272 470 336 ΒΕ
493 276 665 338 GRATIAE
687 279 920 343 erutorum.
1211 289 1273 348 Μ

108 432 177 486 les.
203 428 260 509 O&
274 435 310 490 6.,
324 431 504 509 Augustinus
528 435 636 511 passim
659 447 754 495 tuetur
778 438 877 514 gratioe
897 438 1081 498 intrinsecam
1102 440 1270 510 efficaciam,

62 541 125 597 qua
150 525 280 584 voluntss
304 546 422 604 prorsus
448 529 660 598 determinatur,
675 550 819 606 quamque
844 534 922 593 nulla
945 535 1073 593 bominis
1099 538 1270 612 perversitas
1329 559 1331 562 ⁴

61 617 195 677 frustrari
217 621 308 679 valet:
338 621 422 680 docet
445 624 553 701 quippe
576 626 696 692 interna,
721 637 750 683 et
772 628 893 695 occulta,
918 629 1040 686 mirabili
1064 649 1097 688 sc
1121 630 1270 696 ineffabili,

61 721 209 789 potestate
235 717 346 793 operari
369 717 477 786 Deum,
502 719 533 776 in
555 719 688 777 cordibus
711 720 872 789 hominurn,
895 741 953 782 non
974 725 1068 783 solum
1090 743 1170 783 verns
1192 740 1273 783 reve·

63 808 201 878 lstiones,
227 813 278 870 sed
309 815 395 874 etism
432 816 522 874 bonas
555 815 747 884 uoluntates3¹
776 818 912 894 praedicat
941 819 1067 878 divinam
1101 831 1272 897 potestatem

66 907 326 968 “occultissimam
341 918 370 967 et
381 909 622 978 efficacissimam,
638 930 701 983 quae
722 915 862 971 convertit
874 923 904 972 et
924 916 1054 972 transfert
1073 915 1159 974 corda
1178 916 1273 974 bomi-

68 1019 138 1059 num
151 1002 197 1072 ξ’·
210 1021 296 1076 quam
310 1013 393 1063 vocat
407 1005 663 1065 “inclinandorum
677 1007 806 1068 sordium
826 1009 1133 1084 omnipotentissimam
1148 1020 1272 1086 potesta·

70 1098 176 1157 ιοιιι.”8
217 1108 237 1135 “
247 1100 318 1158 Νοιι
332 1111 427 1177 potest
439 1101 559 1160 effectus
575 1103 779 1161 misericordie
792 1104 849 1162 Dei
862 1123 927 1163 esse
939 1106 968 1163 in
979 1105 1106 1165 bominis
1120 1114 1271 1182 potestate,

73 1201 105 1257 ut
124 1193 229 1252 frustra
252 1194 309 1252 ille.
325 1197 503 1263 miserentur,
525 1198 550 1254 si
575 1197 663 1255 homo
685 1198 774 1266 nolit;
799 1200 866 1271 quie
888 1200 913 1257 si
927 1200 1013 1258 vellet
1033 1202 1118 1258 etiam
1142 1202 1284 1277 ipsorum·
1340 1186 1342 1204 ’

75 1288 211 1357 misereri,
227 1300 327 1366 posset
340 1291 378 1349 its
392 1311 492 1350 vocare
507 1292 652 1364 quomodo
666 1293 723 1350 illis
739 1307 836 1370 aptum
851 1306 937 1362 esset,
952 1306 984 1353 ut
997 1307 1025 1353 et
1038 1309 1228 1363 moveremur,
1243 1311 1273 1355 et

81 1383 277 1460 intelligerent,
291 1396 321 1443 et
334 1387 629 1460 sequerentur.’'⁴-‘⁴
640 1388 778 1446 Volentes
792 1408 829 1447 ex
843 1390 1005 1449 nolentibus
1026 1391 1096 1449 fiant
1115 1391 1274 1449 occultissi-

79 1495 121 1536 me
132 1490 161 1537 et
173 1477 372 1540 efficacissima
387 1482 571 1558 potestate.’'⁵
612 1491 631 1518 “
642 1483 818 1543 subventum
833 1495 878 1542 est
890 1485 976 1561 igitur
994 1485 1150 1542 infirmitati
1173 1486 1274 1542 volun·

82 1575 136 1632 tatis
148 1575 292 1643 hnmanre,
303 1586 335 1634 ut
344 1576 442 1635 divine
454 1578 542 1654 gretia
557 1565 803 1646 indeclinabiliter,
814 1590 843 1636 et
856 1581 1084 1656 insuperabiliter
1097 1578 1274 1656 ageretur.’'⁶

70 1723 76 1733 .
120 1675 181 1729 124.
202 1672 293 1748 Hesp.
315 1674 519 1732 Libentissime
534 1687 629 1751 graue
646 1676 719 1732 vires
735 1676 764 1732 in
778 1676 843 1751 ipsa
863 1678 1047 1751 perversitate
1071 1677 1203 1734 humane
1224 1695 1274 1734 vo·

85 1763 187 1824 luntatis
202 1767 344 1826 vincenda
357 1770 551 1845 agnoscimus,
566 1768 705 1840 quidquid
728 1770 765 1826 sit
779 1770 814 1826 de
837 1771 943 1847 ratione
959 1789 1015 1842 qua
1036 1770 1083 1827 illa
1102 1768 1200 1844 'gratie
1222 1789 1274 1844 po·
1328 1798 1345 1844 g

87 1868 158 1919 testas
173 1881 239 1920 cum
255 1857 381 1921 libertate
395 1865 503 1921 arbitrii
516 1865 693 1923 concilietur.
735 1864 844 1921 Censet
859 1865 969 1922 Natalis
984 1863 1146 1921 Alexander
1161 1865 1273 1938 Augus·

89 1957 163 2016 tinum
185 1959 369 2017 intrinsecam
391 1961 487 2036 gratim
509 1961 677 2027 efficaciam,
693 1970 836 2032 umquem
859 1979 896 2017 ex
918 1961 1026 2035 privata
1048 1979 1100 2016 sua
1121 1961 1272 2026 sententia,

88 2057 295 2130 propugnasse,⁷
307 2055 386 2113 salva
400 2067 494 2113 tamen
508 2057 635 2114 libertate
650 2075 736 2128 quam
758 2056 935 2131 apertissime
956 2056 1081 2132 agnovit,
1097 2064 1126 2112 et
1147 2056 1292 2112 invictis*

87 2147 145 2207 sine
159 2149 324 2208 vindicavit.
346 2150 511 2208 “liberum
526 2170 594 2226 ergo
609 2151 753 2208 arbitrium
766 2169 937 2221 evacuamus
952 2170 1002 2226 per
1016 2151 1155 2226 gratiam?
1177 2150 1272 2218 Absit,

87 2243 124 2302 scd
137 2245 230 2320 magis
245 2245 366 2302 liberum
380 2246 526 2304 arbitrium
542 2244 738 2302 statuimus.'’⁸
761 2255 781 2280 “
793 2246 862 2302 Non
872 2245 949 2302 enirn
962 2245 1113 2302 voluntatis
1128 2244 1272 2302 arbitrium

87 2338 136 2399 ideo
150 2341 258 2398 tollitur
272 2341 338 2413 quia
353 2341 488 2418 juvatum
504 2341 554 2399 sed
577 2341 641 2398 ideo
658 2344 783 2418 juvatur,
799 2342 867 2414 quia
888 2360 945 2399 non
970 2341 1122 2399 tollitur.”⁰
1163 2340 1275 2397 “Dicit

85 2437 143 2495 nihi
156 2436 280 2509 aliquis:
303 2455 370 2512 ergo
391 2438 512 2513 agimur,
534 2457 590 2494 non
613 2440 734 2513 agimus.
776 2438 969 2514 Respondeo:
992 2440 1091 2503 immo,
1115 2450 1143 2496 et
1163 2438 1224 2513 agis
1244 2446 1276 2493 et

85 2533 183 2606 tgeris3
197 2543 228 2589 et
241 2541 309 2589 tunc
321 2533 394 2590 bene
409 2534 481 2608 agis,
496 2533 521 2589 si
535 2553 551 2590 a
566 2535 640 2590 bono
655 2534 757 2608 agaris.
800 2534 923 2608 Spiritus
938 2535 1016 2591 enim
1031 2534 1087 2590 Dei
1098 2534 1148 2604 qui
1164 2545 1191 2589 te
1204 2534 1274 2606 agit,

83 2627 167 2701 uenti
179 2626 292 2704 adjutor
305 2638 349 2684 est
363 2628 424 2685 tibi.
465 2626 563 2703 Ipsum
580 2647 685 2685 nomen
699 2627 837 2703 adjutoris
851 2628 1018 2703 prescribit,
1034 2627 1102 2697 quia
1116 2638 1144 2682 et
1157 2637 1186 2683 tu
1209 2626 1274 2699 ipse

83 2719 179 2793 liquid
194 2722 267 2796 agis.
309 2723 441 2812 Agnosce
462 2723 529 2794 quid
555 2741 675 2798 poscas;
701 2739 825 2797 agnosce
845 2721 914 2792 quid
936 2721 1118 2803 confitearis,
1150 2719 1274 2786 Quando
1341 2764 1346 2771 .

82 2813 155 2884 diois,
179 2818 320 2892 ‘Adjutor
341 2835 423 2874 meus
438 2829 510 2884 esto,
526 2836 562 2874 ne
583 2818 763 2888 derelinquas
778 2816 847 2881 me,’
863 2817 1021 2892 adjutorem
1035 2817 1135 2886 utique
1156 2815 1273 2872 invocas

82 2905 181 2969 Deum
219 2910 316 2970 Nemo
330 2909 486 2988 adjuvatur,
502 2911 527 2967 si
543 2912 578 2967 ab
593 2911 641 2968 illo
656 2911 727 2967 nihil
742 2921 849 2986 agatur.
872 2949 880 2967 .
904 2949 911 2965 .
935 2948 943 2966 .
965 2909 998 2965 Si
1012 2926 1069 2965 non
1081 2927 1161 2965 esses
1175 2926 1275 2983 opera·

81 3006 191 3073 tonilla
206 3023 264 3063 non
278 3017 355 3062 esset
368 3005 606 3080 cooperator.”¹⁰
646 3005 742 3071 Quum
767 3005 829 3061 haec
850 3003 960 3075 aliaque
985 3013 1090 3079 praesto
1110 3004 1168 3060 siut
1188 3003 1277 3060 docu-

80 3111 179 3167 menta,
207 3119 270 3173 qum
294 3101 390 3176 gratire
420 3101 493 3158 vires
522 3101 676 3176 predicant
704 3100 865 3158 necessario
893 3098 1076 3174 intelligenda
1100 3108 1167 3156 sunt
1195 3098 1274 3156 salva

64 3197 229 3256 ,uoluntatis
243 3197 393 3254 libertate.
421 3197 565 3269 Equidem
587 3197 708 3255 letemur
729 3197 824 3254 Deum
839 3198 951 3272 operari
964 3197 1048 3254 etiam
1071 3196 1160 3254 bonas
1175 3197 1276 3262 volun·

81 3299 156 3360 tttes,
171 3309 222 3349 eas
236 3292 346 3349 scilicet
358 3310 410 3350 sue
433 3292 521 3367 gratia
541 3292 701 3359 excitando,
718 3295 764 3349 cui
786 3304 880 3350 tamen
902 3292 989 3349 libere
1008 3291 1155 3349 consentit
1175 3290 1274 3359 homo,
1301 3334 1305 3341 -

81 3403 164 3458 quum
180 3397 280 3462 posset
294 3404 462 3463 repugnare.
504 3385 715 3445 Efficacissima
727 3398 771 3444 est
784 3388 847 3462 ejus
862 3398 997 3461 potestas,
1013 3398 1041 3443 et
1055 3386 1273 3461 omnipotentis·

83 3483 159 3550 uma,
169 3481 222 3540 sed
236 3482 300 3558 ejus
313 3483 481 3540 exercitium
491 3493 692 3566 attemperatur
705 3481 837 3538 bumanae
846 3481 1014 3547 conditioni;
1031 3499 1085 3538 nec
1098 3481 1275 3548 enimxtollit,

347 3655 390 3720 (l)
409 3653 440 3707 L.
451 3654 482 3703 de
490 3655 568 3716 gretie
580 3652 673 3717 Christi
684 3668 705 3702 c.
717 3651 786 3701 xxiv.

346 3739 388 3803 (2)
402 3737 432 3786 L.
443 3738 460 3787 i.
471 3744 554 3788 motta
565 3737 626 3787 duas
637 3752 676 3800 ep.
688 3735 821 3796 pelagas.
911 3774 915 3780 .
957 3798 959 3812 ,

308 3843 310 3847 ’
344 3824 387 3888 (3)
406 3821 435 3871 1..
446 3823 477 3872 de
488 3828 587 3885 corrept
598 3829 623 3870 et
634 3821 710 3882 matis
721 3836 743 3869 c.
755 3820 807 3868 xiv.
854 3888 857 3894 .

343 3908 386 3976 (4)
405 3906 435 3955 L.
446 3907 464 3956 i.
474 3905 504 3956 sd
516 3905 625 3969 Simplir,
637 3920 679 3967 qu.
690 3905 714 3951 2.
725 3919 750 3952 n.
766 3904 804 3951 te.

344 3995 387 4059 (b)
406 3991 436 4042 L.
444 3991 475 4041 de
486 3991 562 4053 matie
573 3989 666 4040 Christi
677 4005 698 4039 c.
709 3989 777 4038 xxiv.
794 4001 853 4037 xxv.

343 4079 385 4143 (6)
404 4076 435 4125 L.
446 4075 476 4125 de
487 4082 586 4139 corrept.
597 4083 621 4124 et
632 4073 708 4136 metis
719 4089 740 4122 c.
751 4072 807 4122 xii‘

345 4162 387 4226 (t)
406 4161 527 4224 eynopsis
537 4158 594 4210 hist
604 4158 674 4209 Eccl.
684 4172 738 4208 see.
749 4172 771 4205 r.
783 4171 804 4206 c.
815 4154 849 4205 iii
861 4165 913 4220 par.
924 4152 976 4203 xi'd.

344 4247 387 4311 (8)
406 4243 435 4293 L.
447 4244 477 4293 de
487 4242 565 4307 spirit.
572 4250 597 4293 et
607 4244 641 4292 lit
653 4259 674 4292 c.
685 4257 745 4292 xxx.
767 4249 768 4253 ’

345 4330 388 4396 (s)
407 4329 456 4394 sp.
469 4329 588 4394 truanes
600 4330 632 4376 su
644 4328 675 4376 aa
686 4307 819 4378 nuruum}

347 4415 406 4479 (1⁰)
426 4414 505 4463 Ssrm.
519 4415 576 4463 tos.
587 4428 612 4461 n.
626 4413 665 4459 ll.
