2730 5018
1006 54 1049 103 ,Ἦ

1024 106 1029 125 r

87 265 143 321 454
367 261 424 327 ou
445 258 598 351 4444445
619 263 665 324 tu
687 261 774 324 ouo
794 259 1008 330 4444554445.

84 418 161 478 illam
175 419 316 499 explicare
331 419 366 478 de
388 421 509 495 quadam
532 422 631 480 intima
646 421 756 479 Christi
778 423 1033 495 conscientiaque
1055 419 1112 480 sibi
1134 417 1284 480 ruebatur

83 530 144 572 eam
160 513 214 573 alte
229 526 378 575 sonantem
392 516 499 583 audire,
514 515 702 589 detorqueudi
723 516 877 592 scripturas
900 515 1049 574 libidinem
1060 515 1167 594 prodit.
1211 516 1277 574 Pro·

81 607 155 667 iecto
168 610 323 670 Matthaeus
337 620 366 668 54
384 610 478 670 Lucas
493 612 557 687 ipsa
577 613 660 669 verba
674 611 798 670 referunt
818 621 963 683 tamquam
982 610 1090 679 audita,
1106 628 1165 669 nou
1186 622 1275 673 ments
1304 613 1307 616 ’

80 702 152 765 Jesu
176 708 372 768 tautummodo
396 717 544 784 concepta.
587 708 670 766 Nihil
694 721 739 765 est
762 709 881 785 insuper
903 707 979 781 quod
1005 708 1114 766 indicet
1138 707 1271 783 spiritua

80 801 218 863 Sanctum
232 807 292 864 vim
307 805 461 878 quamdam
472 804 597 862 divinam
612 805 670 862 illic
684 803 832 880 designare
844 824 852 861 4
874 804 925 861 ssd
947 805 1143 863 testimonium
1157 804 1177 862 J
1180 805 1272 863 oannis

79 898 179 971 probat
192 898 289 974 ipsum
304 901 443 976 Spiritum
458 900 594 957 Sanctum
609 898 750 974 corporali
764 899 861 974 specie
880 907 1024 970 tamquam
1038 899 1181 957 columbae
1196 916 1273 975 appt-

80 992 183 1050 misse.
207 993 298 1069 igitur
319 995 431 1071 fingunt
443 995 643 1079 somniantque
657 995 704 1066 qui
721 993 837 1070 mythos
851 1004 981 1066 quaemnt
995 995 1024 1052 14
1038 994 1165 1071 simplici
1187 1010 1272 1054 454444

80 1097 225 1162 gestarum
240 1089 411 1148 narratione.

124 1184 191 1238 115.
217 1181 284 1260 Obj.
300 1185 329 1239 4.
351 1183 398 1242 Ea
409 1183 527 1241 ratione
532 1192 587 1241 tres
600 1191 686 1240 testes
701 1181 832 1239 caelestes
846 1200 934 1241 uuum
950 1138 1158 1259 praedicantur
1150 1202 1181 1240 44
1196 1183 1276 1241 45441·

79 1275 145 1333 5415
155 1276 261 1335 Joanni
276 1278 389 1345 tributo,
405 1297 463 1350 quo
477 1289 533 1336 tres
555 1288 641 1336 testes
663 1288 808 1336 terrestres
823 1297 913 1337 unum
926 1289 1010 1336 sunt:
1033 1279 1087 1338 sed
1107 1279 1276 1339 5455441454

82 1381 127 1429 est
140 1373 307 1440 testimonii,
323 1372 399 1432 haud
410 1385 527 1433 uaturae.

18 1454 22 1463 ¹
120 1469 189 1527 115.
209 1465 299 1544 Reap.
323 1467 392 1527 Non
414 1470 457 1527 sic
482 1469 638 1527 instituitur
662 1487 679 1525 a
701 1468 814 1526 Joanue
839 1470 1030 1545 comparatio:
1052 1469 1105 1527 aed
1129 1488 1221 1542 quum
1245 1468 1279 1528 de

79 1544 199 1623 01441415
211 1563 343 1623 45415445
366 1584 417 1641 per
435 1584 539 1638 aquam
559 1574 588 1621 54
608 1567 778 1640 sanguinem
801 1565 914 1622 locutus
936 1565 1047 1632 1415554,
1062 1576 1091 1623 54
1103 1566 1139 1624 de
1156 1566 1280 1641 Spiritus

76 1658 251 1725 testimonio,
266 1657 302 1716 ad
315 1659 446 1717 coelestes
461 1669 547 1717 testes
563 1667 688 1716 mentem
703 1657 834 1724 51545414,
850 1677 959 1731 eosque
973 1659 1143 1735 simpliciter
1157 1668 1187 1716 et
1200 1659 1280 1716 abso·

76 1754 138 1814 1445
159 1754 311 1814 declaravit
332 1775 433 1815 unum.
474 1757 598 1828 Aquam,
629 1755 854 1830 sauguinem,ct
877 1755 1016 1831 Spiritum
1037 1757 1152 1814 testium
1175 1755 1280 1813 habere

77 1852 215 1909 rationem
230 1851 259 1908 in
275 1852 357 1909 terris
372 1851 475 1910 deinde
490 1849 648 1925 subjunxit,
664 1867 736 1922 quos
751 1850 782 1906 14
795 1869 885 1907 uuum
908 1852 1062 1909 convenire
1083 1850 1280 1908 testimonium

77 1945 291 2005 animadvertit:
313 1951 346 2010 εἰς
357 1950 387 2000 τὸ
399 1953 422 2002 ἓν
433 1950 500 2000 toro.
532 1945 603 2003 1155
614 1946 699 2002 verba
712 1944 813 2002 deesse
828 1946 989 2003 1445445415
1003 1945 1151 2004 codicibus
1166 1964 1225 2004 4544
1239 1955 1282 2002 551

76 2041 274 2099 observatione
299 2038 458 2114 indiguum,
474 2039 550 2106 licet,
566 2038 592 2095 si
606 2039 787 2105 retineantur,
804 2040 875 2097 nibil
890 2039 1038 2099 detrahant
1051 2042 1080 2099 vi
1100 2043 1198 2099 textos
1213 2057 1281 2116 prae·

78 2132 223 2196 cedentis:
245 2153 312 2193 vera
332 2135 408 2192 enim
424 2145 452 2192 et
466 2134 594 2193 absoluta
608 2136 722 2192 testium
739 2135 898 2194 coelestium
914 2136 1008 2194 unitas
1023 2139 1206 2196 occasionem
1223 2135 1281 2194 ido·

77 2251 162 2293 neam
176 2234 296 2312 praebuit
309 2234 435 2290 sermoni
450 2231 485 2289 de
500 2233 614 2290 testium
631 2233 802 2289 terrestrium
825 2233 920 2290 4441445
934 2235 1032 2292 5441515
1055 2236 1184 2302 44145454
1205 2252 1280 2292 com·

77 2330 238 2407 parationes
252 2330 360 2405 quippe
375 2346 432 2386 nou
447 2339 605 2386 accuratam
627 2328 748 2403 singulis
762 2328 791 2386 in
806 2329 890 2386 rebus
912 2331 1031 2406 exigunt
1051 2331 1280 2389 consonantiam.

120 2429 188 2483 117.
213 2421 281 2500 Obj.
298 2428 326 2480 5.
347 2421 381 2480 14
396 2421 563 2498 Scripturis,
578 2423 690 2494 quoties
705 2421 740 2478 de
762 2423 837 2480 Filio
851 2435 879 2487 54
893 2425 1000 2499 Spiritu
1024 2425 1129 2483 Sancto
1143 2443 1203 2487 445
1216 2442 1281 2484 cum

78 2521 164 2582 Patre
178 2520 212 2577 114
225 2519 344 2587 mentio,
366 2519 434 2576 huic
447 2537 553 2577 nomeu
568 2518 625 2576 Dei
639 2518 807 2595 simpliciter
820 2518 910 2588 datur,
923 2521 985 2579 aliis
997 2540 1055 2579 uon
1069 2522 1126 2579 ita:
1150 2530 1170 2558 ‘⁶
1184 2521 1283 2579 Gratia

79 2616 201 2678 Domini
215 2615 305 2673 nostri
318 2614 336 2672 J
339 2633 389 2671 esu
406 2613 526 2681 Christi,
542 2625 570 2672 54
583 2615 704 2672 charitas
720 2614 787 2683 Dei,
802 2626 831 2673 54
843 2616 1064 2687 communicatio
1079 2617 1179 2696 Sancti
1192 2617 1282 2693 Spiri-

80 2725 127 2773 tus
142 2714 180 2771 eit
193 2731 258 2770 cum
273 2711 407 2769 omnibus
419 2711 510 2768 45515.
533 2710 671 2770 Amen.'’¹
703 2711 774 2769 Inde
790 2713 924 2788 colligere
939 2724 982 2771 est
996 2714 1170 2789 Apostolum
1184 2725 1282 2790 optare

80 2819 112 2867 ut
125 2808 224 2866 fideles
240 2807 357 2865 Christo
372 2807 429 2864 siut
443 2808 562 2882 accepti,
578 2827 594 2864 a
608 2807 672 2866 Deo
688 2818 827 2874 amentur,
842 2809 939 2884 ipsum
956 2809 1117 2885 diligentes,
1133 2821 1162 2867 et
1176 2819 1207 2868 ut
1221 2829 1282 2886 par·

82 2906 183 2981 4151555
195 2904 265 2960 11544
279 2901 403 2960 coelestis
419 2901 497 2969 doni,
514 2901 591 2974 quod
605 2903 726 2960 Sanctus
739 2904 862 2979 Spiritus
872 2922 930 2960 454
944 2904 1039 2980 inepte
1050 2905 1161 2962 dicitur.

124 3002 191 3058 118.
212 2997 303 3074 Beop.
326 2996 411 3063 Quod
427 3016 532 3054 nomen
546 2997 602 3055 Dei
624 2998 702 3055 Patri
716 2999 884 3074 plerumque
905 3000 1041 3057 tribuatur
1055 3018 1215 3076 congruum
1229 3011 1282 3068 est,

83 3098 150 3171 quia
162 3096 226 3154 sous
241 3103 286 3152 551
299 3105 327 3151 54
348 3094 520 3169 principium
543 3093 661 3152 aliarum
684 3114 889 3170 personarum:
913 3114 1000 3168 quum
1023 3106 1118 3154 autem
1136 3097 1284 3156 Dominus

82 3203 180 3252 noster
204 3199 383 3265 nuncupetur
405 3189 549 3256 Christus,
565 3199 593 3246 et
606 3191 702 3266 gratiae
727 3191 843 3266 largitor
864 3201 1043 3267 agnoscatur,
1065 3192 1198 3251 divinitas
1221 3195 1284 3270 ejus

83 3284 236 3346 manifesto
253 3285 417 3343 declaratur.
460 3285 693 3343 Communicatio
709 3286 805 3342 Sancti
821 3287 944 3362 Spiritus
960 3288 992 3344 fit
1006 3287 1121 3360 quidem
1143 3289 1220 3346 dona
1233 3307 1288 3347 sua

84 3382 284 3461 impertiendo,
295 3382 398 3454 quibus
413 3390 527 3438 ornatur
541 3382 645 3448 anima,
657 3391 685 3438 et
699 3382 819 3439 efficitur
834 3383 970 3459 templum
986 3383 1053 3452 Dei,
1063 3385 1130 3457 quia
1144 3386 1174 3443 in
1188 3403 1224 3443 ea
1237 3386 1287 3443 ha·

84 3483 155 3541 bitat
168 3481 292 3557 Spiritus
308 3479 374 3536 Dei.
416 3477 489 3536 Haec
504 3477 630 3536 divinam
645 3480 707 3555 ejus
722 3490 847 3537 naturam
863 3481 1025 3538 ostendunt.

106 3570 194 3639 ‘tta
220 3575 287 3653 Obj.
304 3580 331 3634 6.
354 3576 522 3648 Numquam
536 3577 685 3634 consuevit
699 3577 832 3635 Ecclesia
853 3579 971 3635 vetustis
986 3580 1162 3654 temporibus
1183 3598 1287 3656 preces

86 3675 122 3734 ad
135 3674 242 3732 Filium
257 3674 303 3728 451
318 3672 456 3748 Spiritum
472 3674 606 3730 Sanctum
623 3673 762 3749 dirigere:
785 3675 843 3731 imo
860 3674 947 3749 jussit
967 3676 1119 3733 concilium
1135 3676 1291 3752 Carthagi·

85 3787 174 3828 454455
187 3768 253 3834 111,
269 3776 330 3823 “44
341 3786 407 3824 cum
419 3767 452 3824 ad
463 3767 548 3825 altare
561 3769 702 3826 5554544444
710 3788 825 3845 semper
835 3769 871 3827 ad
880 3771 993 3829 Patrem
1007 3771 1142 3851 dirigatur
1151 3774 1252 3831 545415.
1255 3773 1290 3806 ”²

85 3865 154 3942 lpsa
167 3861 320 3938 doxologia
334 3862 426 3918 Patris
448 3866 649 3939 praestantiam,
664 3853 693 3922 54
706 3865 877 3941 singularem
901 3867 1077 3942 majestatem
1098 3867 1286 3962 predicabatt

88 3960 220 4019 “Gloria
233 3957 321 4024 Patri,
336 3975 387 4032 per
401 3957 529 4016 Filium
522 3980 552 4018 44
567 3962 675 4037 Spiritu
690 3962 830 4020 Sanctoss’

129 4059 197 4112 125
218 4050 470 4130 115455155154154
491 4056 668 4114 consuetudo
683 4058 797 4114 Patrem
813 4058 969 4133 praesertim
985 4058 1013 4115 14
1036 4059 1166 4135 precibus
1181 4059 1288 4117 551544-

87 4151 172 4209 nibus
201 4145 375 4226 appellandi,
397 4155 461 4222 apte
487 4147 628 4207 iudicabat
649 4152 746 4227 ipsum
768 4170 832 4210 5555
848 4153 955 4210 sontem
978 4153 1142 4221 divinitatis,
1164 4154 1287 4231 primam

87 4247 198 4304 scilicet
220 4243 369 4302 Trinitatis
391 4261 554 4318 personam,
570 4247 652 4321 cujus
679 4248 771 4306 145454
792 4258 877 4307 totam
902 4250 1020 4327 respicit
1041 4248 1222 4320 Trinitatem,
1244 4251 1287 4308 uti

322 4431 362 4498 (l)
381 4431 413 4483 11.
425 4430 546 4508 (1544111.
560 4437 599 4484 15.

320 4517 362 4586 (2)
380 4516 480 4569 Cniii.
491 4519 559 4585 apud
569 4517 653 4570 Labbc
664 4528 723 4572 tom.
734 4521 759 4574 ii.
772 4525 818 4574 eol.
831 4525 904 4588 1170.
