<?xml version="1.0" encoding="UTF-8"?>
<!DOCTYPE html PUBLIC "-//W3C//DTD XHTML 1.0 Transitional//EN"
    "http://www.w3.org/TR/xhtml1/DTD/xhtml1-transitional.dtd">
<html xmlns="http://www.w3.org/1999/xhtml" xml:lang="en" lang="en">
 <head>
  <title>
</title>
<meta http-equiv="Content-Type" content="text/html;charset=utf-8" />
  <meta name='ocr-system' content='tesseract 3.04.00' />
  <meta name='ocr-capabilities' content='ocr_page ocr_carea ocr_par ocr_line ocrx_word'/>
</head>
<body>
  <div class='ocr_page' id='page_1' title='image "./theologidogmati01kenrgoog_0117.png"; bbox 0 0 2744 5024; ppageno 0'>
   <div class='ocr_carea' id='block_1_1' title="bbox 570 40 618 95">
    <p class='ocr_par' dir='ltr' id='par_1_1' title="bbox 570 40 618 95">
     <span class='ocr_line' id='line_1_1' title="bbox 570 40 618 95; baseline 0 -18"><span class='ocrx_word' id='word_1_1' title='bbox 570 40 618 95; x_wconf 70' lang='grc' dir='ltr'><strong>Ι’11</strong></span> 
     </span>
    </p>
   </div>
   <div class='ocr_carea' id='block_1_2' title="bbox 77 276 1055 341">
    <p class='ocr_par' dir='ltr' id='par_1_2' title="bbox 77 276 1055 341">
     <span class='ocr_line' id='line_1_2' title="bbox 77 276 1055 341; baseline -0.002 0"><span class='ocrx_word' id='word_1_2' title='bbox 77 284 119 341; x_wconf 76' lang='grc'><strong>23</strong></span> <span class='ocrx_word' id='word_1_3' title='bbox 348 278 407 337; x_wconf 78' lang='lat' dir='ltr'><strong>DE</strong></span> <span class='ocrx_word' id='word_1_4' title='bbox 426 276 529 339; x_wconf 78' lang='lat' dir='ltr'><strong>Jesu</strong></span> <span class='ocrx_word' id='word_1_5' title='bbox 550 277 723 337; x_wconf 81' lang='lat' dir='ltr'>CHRISTI</span> <span class='ocrx_word' id='word_1_6' title='bbox 744 277 1009 339; x_wconf 69' lang='lat' dir='ltr'><strong>ntvtnmrn.</strong></span> <span class='ocrx_word' id='word_1_7' title='bbox 1051 304 1055 312; x_wconf 94' lang='lat'><em>·</em></span> 
     </span>
    </p>
   </div>
   <div class='ocr_carea' id='block_1_3' title="bbox 75 434 1287 3602">
    <p class='ocr_par' dir='ltr' id='par_1_3' title="bbox 79 434 1287 899">
     <span class='ocr_line' id='line_1_3' title="bbox 79 434 1285 514; baseline 0.002 -22"><span class='ocrx_word' id='word_1_8' title='bbox 79 450 176 496; x_wconf 81' lang='lat' dir='ltr'><strong>vator:</strong></span> <span class='ocrx_word' id='word_1_9' title='bbox 191 455 229 496; x_wconf 87' lang='lat' dir='ltr'><strong>cx</strong></span> <span class='ocrx_word' id='word_1_10' title='bbox 241 436 434 514; x_wconf 77' lang='lat' dir='ltr'><strong>panllelismo</strong></span> <span class='ocrx_word' id='word_1_11' title='bbox 447 436 525 493; x_wconf 88' lang='lat' dir='ltr'><strong>enim</strong></span> <span class='ocrx_word' id='word_1_12' title='bbox 538 435 630 508; x_wconf 87' lang='lat' dir='ltr'><strong>liquet</strong></span> <span class='ocrx_word' id='word_1_13' title='bbox 642 435 768 493; x_wconf 75' lang='lat' dir='ltr'><strong>Bromie</strong></span> <span class='ocrx_word' id='word_1_14' title='bbox 780 444 810 493; x_wconf 83' lang='lat' dir='ltr'><strong>et</strong></span> <span class='ocrx_word' id='word_1_15' title='bbox 821 434 966 495; x_wconf 78' lang='lat' dir='ltr'><strong>anom</strong></span> <span class='ocrx_word' id='word_1_16' title='bbox 975 435 1054 495; x_wconf 85' lang='lat' dir='ltr'><strong>idem</strong></span> <span class='ocrx_word' id='word_1_17' title='bbox 1064 435 1144 514; x_wconf 68' lang='lat' dir='ltr'><strong>apud</strong></span> <span class='ocrx_word' id='word_1_18' title='bbox 1160 436 1285 514; x_wconf 84' lang='lat' dir='ltr'><strong>prophe·</strong></span> 
     </span>
     <span class='ocr_line' id='line_1_4' title="bbox 79 530 1287 610; baseline 0.001 -19"><span class='ocrx_word' id='word_1_19' title='bbox 79 546 136 592; x_wconf 79' lang='lat' dir='ltr'><strong>tem</strong></span> <span class='ocrx_word' id='word_1_20' title='bbox 149 553 261 591; x_wconf 86' lang='lat' dir='ltr'><strong>sonare.</strong></span> <span class='ocrx_word' id='word_1_21' title='bbox 303 534 372 591; x_wconf 86' lang='lat' dir='ltr'><strong>Huc</strong></span> <span class='ocrx_word' id='word_1_22' title='bbox 386 533 537 590; x_wconf 76' lang='lat' dir='ltr'><strong>manifesto</strong></span> <span class='ocrx_word' id='word_1_23' title='bbox 547 532 675 607; x_wconf 76' lang='lat' dir='ltr'>respexit</span> <span class='ocrx_word' id='word_1_24' title='bbox 688 530 836 597; x_wconf 81' lang='lat' dir='ltr'><strong>Christus,</strong></span> <span class='ocrx_word' id='word_1_25' title='bbox 850 531 973 589; x_wconf 82' lang='lat' dir='ltr'><strong>loannis</strong></span> <span class='ocrx_word' id='word_1_26' title='bbox 986 532 1141 610; x_wconf 80' lang='lat' dir='ltr'><strong>discipulis</strong></span> <span class='ocrx_word' id='word_1_27' title='bbox 1155 552 1190 591; x_wconf 82' lang='lat' dir='ltr'><strong>se</strong></span> <span class='ocrx_word' id='word_1_28' title='bbox 1204 535 1287 593; x_wconf 76' lang='lat' dir='ltr'><strong>Mes·</strong></span> 
     </span>
     <span class='ocr_line' id='line_1_5' title="bbox 80 627 1286 707; baseline 0.001 -20"><span class='ocrx_word' id='word_1_29' title='bbox 80 632 152 688; x_wconf 82' lang='lat' dir='ltr'><strong>siam</strong></span> <span class='ocrx_word' id='word_1_30' title='bbox 175 631 309 707; x_wconf 90' lang='lat' dir='ltr'><strong>probans,</strong></span> <span class='ocrx_word' id='word_1_31' title='bbox 324 629 468 687; x_wconf 75' lang='lat' dir='ltr'><strong>miraculis</strong></span> <span class='ocrx_word' id='word_1_32' title='bbox 484 630 601 704; x_wconf 88' lang='lat' dir='ltr'><strong>patratis</strong></span> <span class='ocrx_word' id='word_1_33' title='bbox 616 644 680 699; x_wconf 67' lang='lat' dir='ltr'><strong>quat</strong></span> <span class='ocrx_word' id='word_1_34' title='bbox 695 627 784 685; x_wconf 86' lang='lat' dir='ltr'><strong>lsaias</strong></span> <span class='ocrx_word' id='word_1_35' title='bbox 798 639 996 686; x_wconf 75' lang='lat' dir='ltr'><strong>recensuerat:</strong></span> <span class='ocrx_word' id='word_1_36' title='bbox 1013 638 1033 665; x_wconf 82' lang='lat'><strong>‘⁴</strong></span> <span class='ocrx_word' id='word_1_37' title='bbox 1045 631 1163 688; x_wconf 82' lang='lat' dir='ltr'><strong>Euutes</strong></span> <span class='ocrx_word' id='word_1_38' title='bbox 1183 648 1286 688; x_wconf 85' lang='lat' dir='ltr'><strong>rennn-</strong></span> 
     </span>
     <span class='ocr_line' id='line_1_6' title="bbox 80 723 1282 802; baseline 0 -17"><span class='ocrx_word' id='word_1_39' title='bbox 80 729 147 785; x_wconf 83' lang='lat' dir='ltr'><strong>tiate</strong></span> <span class='ocrx_word' id='word_1_40' title='bbox 155 727 261 785; x_wconf 82' lang='lat' dir='ltr'><strong>Joauui</strong></span> <span class='ocrx_word' id='word_1_41' title='bbox 274 744 342 799; x_wconf 83' lang='lat' dir='ltr'><strong>quae</strong></span> <span class='ocrx_word' id='word_1_42' title='bbox 352 725 472 782; x_wconf 81' lang='lat' dir='ltr'><strong>audistis</strong></span> <span class='ocrx_word' id='word_1_43' title='bbox 486 738 515 781; x_wconf 86' lang='lat' dir='ltr'><strong>et</strong></span> <span class='ocrx_word' id='word_1_44' title='bbox 526 724 647 781; x_wconf 84' lang='lat' dir='ltr'><strong>vidistis.</strong></span> <span class='ocrx_word' id='word_1_45' title='bbox 689 723 770 781; x_wconf 72' lang='lat' dir='ltr'><strong>(leci</strong></span> <span class='ocrx_word' id='word_1_46' title='bbox 779 723 885 799; x_wconf 80' lang='lat' dir='ltr'><strong>vident,</strong></span> <span class='ocrx_word' id='word_1_47' title='bbox 898 725 991 783; x_wconf 85' lang='lat' dir='ltr'><strong>claudi</strong></span> <span class='ocrx_word' id='word_1_48' title='bbox 1005 727 1167 794; x_wconf 85' lang='lat' dir='ltr'><strong>ambulant,</strong></span> <span class='ocrx_word' id='word_1_49' title='bbox 1175 725 1282 802; x_wconf 84' lang='lat' dir='ltr'><strong>leprosi</strong></span> 
     </span>
     <span class='ocr_line' id='line_1_7' title="bbox 80 821 1248 899; baseline 0.003 -21"><span class='ocrx_word' id='word_1_50' title='bbox 80 822 260 888; x_wconf 83' lang='lat' dir='ltr'><strong>mundantur,</strong></span> <span class='ocrx_word' id='word_1_51' title='bbox 274 823 352 879; x_wconf 90' lang='lat' dir='ltr'><strong>surdi</strong></span> <span class='ocrx_word' id='word_1_52' title='bbox 367 821 495 883; x_wconf 86' lang='lat' dir='ltr'><strong>andiunt,</strong></span> <span class='ocrx_word' id='word_1_53' title='bbox 510 821 613 877; x_wconf 90' lang='lat' dir='ltr'><strong>mortui</strong></span> <span class='ocrx_word' id='word_1_54' title='bbox 628 834 789 895; x_wconf 83' lang='lat' dir='ltr'><strong>resurgunt,</strong></span> <span class='ocrx_word' id='word_1_55' title='bbox 804 839 943 897; x_wconf 82' lang='lat' dir='ltr'><strong>pauperes</strong></span> <span class='ocrx_word' id='word_1_56' title='bbox 962 823 1248 899; x_wconf 76' lang='lat' dir='ltr'><strong>‹svrtngelizantur.”¹</strong></span> 
     </span>
    </p>

    <p class='ocr_par' dir='ltr' id='par_1_4' title="bbox 75 915 1280 1098">
     <span class='ocr_line' id='line_1_8' title="bbox 120 915 1280 996; baseline 0.002 -19"><span class='ocrx_word' id='word_1_57' title='bbox 120 918 273 977; x_wconf 76' lang='lat' dir='ltr'><em>Probatur</em></span> <span class='ocrx_word' id='word_1_58' title='bbox 292 917 349 984; x_wconf 83' lang='lat'><strong>11..</strong></span> <span class='ocrx_word' id='word_1_59' title='bbox 374 935 410 975; x_wconf 75' lang='lat' dir='ltr'><strong>ea</strong></span> <span class='ocrx_word' id='word_1_60' title='bbox 430 915 607 975; x_wconf 63' lang='lat' dir='ltr'><strong>tuborum</strong></span> <span class='ocrx_word' id='word_1_61' title='bbox 626 935 726 984; x_wconf 76' lang='lat' dir='ltr'><strong>sensu,</strong></span> <span class='ocrx_word' id='word_1_62' title='bbox 747 934 835 994; x_wconf 83' lang='lat' dir='ltr'><strong>quern</strong></span> <span class='ocrx_word' id='word_1_63' title='bbox 851 916 1002 987; x_wconf 76' lang='lat' dir='ltr'><strong>Christus,</strong></span> <span class='ocrx_word' id='word_1_64' title='bbox 1021 918 1099 996; x_wconf 81' lang='lat' dir='ltr'><strong>quin</strong></span> <span class='ocrx_word' id='word_1_65' title='bbox 1112 919 1280 989; x_wconf 62' lang='lat' dir='ltr'><strong>comm,</strong></span> 
     </span>
     <span class='ocr_line' id='line_1_9' title="bbox 75 1016 379 1098; baseline -0.01 -21"><span class='ocrx_word' id='word_1_66' title='bbox 75 1017 166 1098; x_wconf 83' lang='lat' dir='ltr'><strong>plone</strong></span> <span class='ocrx_word' id='word_1_67' title='bbox 180 1016 379 1096; x_wconf 82' lang='lat' dir='ltr'><strong>confimrouit.</strong></span> 
     </span>
    </p>

    <p class='ocr_par' dir='ltr' id='par_1_5' title="bbox 77 1109 1280 1868">
     <span class='ocr_line' id='line_1_10' title="bbox 120 1109 1277 1191; baseline -0.003 -16"><span class='ocrx_word' id='word_1_68' title='bbox 120 1119 170 1174; x_wconf 75' lang='lat'><strong>62.</strong></span> <span class='ocrx_word' id='word_1_69' title='bbox 191 1115 237 1175; x_wconf 86' lang='lat' dir='ltr'><strong>Ea</strong></span> <span class='ocrx_word' id='word_1_70' title='bbox 247 1113 381 1188; x_wconf 82' lang='lat' dir='ltr'><strong>equidem</strong></span> <span class='ocrx_word' id='word_1_71' title='bbox 397 1122 442 1168; x_wconf 90' lang='lat' dir='ltr'><strong>cst</strong></span> <span class='ocrx_word' id='word_1_72' title='bbox 455 1111 620 1183; x_wconf 76' lang='lat' dir='ltr'><strong>equissima</strong></span> <span class='ocrx_word' id='word_1_73' title='bbox 634 1111 704 1168; x_wconf 91' lang='lat' dir='ltr'><strong>ratio</strong></span> <span class='ocrx_word' id='word_1_74' title='bbox 725 1109 836 1168; x_wconf 77' lang='lat' dir='ltr'>Christi</span> <span class='ocrx_word' id='word_1_75' title='bbox 851 1110 927 1169; x_wconf 87' lang='lat' dir='ltr'><strong>dicta</strong></span> <span class='ocrx_word' id='word_1_76' title='bbox 939 1111 1116 1191; x_wconf 79' lang='lat' dir='ltr'><strong>explicandi,</strong></span> <span class='ocrx_word' id='word_1_77' title='bbox 1132 1121 1165 1170; x_wconf 90' lang='lat' dir='ltr'><strong>ut</strong></span> <span class='ocrx_word' id='word_1_78' title='bbox 1177 1130 1277 1171; x_wconf 80' lang='lat' dir='ltr'><strong>sensns</strong></span> 
     </span>
     <span class='ocr_line' id='line_1_11' title="bbox 81 1206 1277 1285; baseline -0.004 -14"><span class='ocrx_word' id='word_1_79' title='bbox 81 1210 309 1271; x_wconf 77' lang='lat' dir='ltr'><strong>obaudientibus</strong></span> <span class='ocrx_word' id='word_1_80' title='bbox 331 1209 366 1265; x_wconf 92' lang='lat' dir='ltr'><strong>iis</strong></span> <span class='ocrx_word' id='word_1_81' title='bbox 392 1208 511 1264; x_wconf 89' lang='lat' dir='ltr'><strong>tributus</strong></span> <span class='ocrx_word' id='word_1_82' title='bbox 533 1206 675 1282; x_wconf 88' lang='lat' dir='ltr'><strong>genuinus</strong></span> <span class='ocrx_word' id='word_1_83' title='bbox 695 1216 875 1282; x_wconf 77' lang='lat' dir='ltr'><strong>agnoscatur,</strong></span> <span class='ocrx_word' id='word_1_84' title='bbox 889 1208 947 1264; x_wconf 84' lang='lat' dir='ltr'><strong>nisi</strong></span> <span class='ocrx_word' id='word_1_85' title='bbox 967 1208 1031 1283; x_wconf 90' lang='lat' dir='ltr'><strong>ipse</strong></span> <span class='ocrx_word' id='word_1_86' title='bbox 1051 1226 1121 1266; x_wconf 88' lang='lat' dir='ltr'><strong>enm</strong></span> <span class='ocrx_word' id='word_1_87' title='bbox 1143 1209 1277 1285; x_wconf 73' lang='lat' dir='ltr'><strong>rejecerit.</strong></span> 
     </span>
     <span class='ocr_line' id='line_1_12' title="bbox 82 1303 1278 1380; baseline -0.002 -16"><span class='ocrx_word' id='word_1_88' title='bbox 82 1307 117 1365; x_wconf 92' lang='lat' dir='ltr'><strong>ln</strong></span> <span class='ocrx_word' id='word_1_89' title='bbox 130 1307 167 1363; x_wconf 89' lang='lat' dir='ltr'><strong>iis</strong></span> <span class='ocrx_word' id='word_1_90' title='bbox 181 1304 336 1380; x_wconf 74' lang='lat' dir='ltr'><strong>presertim</strong></span> <span class='ocrx_word' id='word_1_91' title='bbox 352 1321 416 1375; x_wconf 82' lang='lat' dir='ltr'><strong>quae</strong></span> <span class='ocrx_word' id='word_1_92' title='bbox 431 1303 536 1359; x_wconf 87' lang='lat' dir='ltr'><strong>summi</strong></span> <span class='ocrx_word' id='word_1_93' title='bbox 554 1313 621 1359; x_wconf 91' lang='lat' dir='ltr'><strong>sunt</strong></span> <span class='ocrx_word' id='word_1_94' title='bbox 641 1303 790 1370; x_wconf 90' lang='lat' dir='ltr'><strong>momenti,</strong></span> <span class='ocrx_word' id='word_1_95' title='bbox 804 1303 830 1360; x_wconf 91' lang='lat' dir='ltr'><strong>si</strong></span> <span class='ocrx_word' id='word_1_96' title='bbox 843 1320 922 1360; x_wconf 88' lang='lat' dir='ltr'><strong>error</strong></span> <span class='ocrx_word' id='word_1_97' title='bbox 940 1304 1140 1379; x_wconf 82' lang='lat' dir='ltr'><strong>gravissimus,</strong></span> <span class='ocrx_word' id='word_1_98' title='bbox 1156 1304 1222 1362; x_wconf 86' lang='lat' dir='ltr'><strong>Deo</strong></span> <span class='ocrx_word' id='word_1_99' title='bbox 1239 1305 1278 1362; x_wconf 89' lang='lat' dir='ltr'><strong>in·</strong></span> 
     </span>
     <span class='ocr_line' id='line_1_13' title="bbox 77 1400 1277 1482; baseline -0.003 -19"><span class='ocrx_word' id='word_1_100' title='bbox 77 1404 216 1482; x_wconf 89' lang='lat' dir='ltr'><strong>juriosus,</strong></span> <span class='ocrx_word' id='word_1_101' title='bbox 227 1401 428 1460; x_wconf 81' lang='lat' dir='ltr'><strong>ethom&#39;rnibus</strong></span> <span class='ocrx_word' id='word_1_102' title='bbox 443 1413 578 1458; x_wconf 77' lang='lat' dir='ltr'><strong>eternum</strong></span> <span class='ocrx_word' id='word_1_103' title='bbox 593 1400 716 1459; x_wconf 85' lang='lat' dir='ltr'><strong>afferens</strong></span> <span class='ocrx_word' id='word_1_104' title='bbox 728 1401 860 1466; x_wconf 88' lang='lat' dir='ltr'><strong>exitium,</strong></span> <span class='ocrx_word' id='word_1_105' title='bbox 874 1419 911 1459; x_wconf 90' lang='lat' dir='ltr'><strong>ex</strong></span> <span class='ocrx_word' id='word_1_106' title='bbox 926 1401 1020 1458; x_wconf 81' lang='lat' dir='ltr'><strong>verbis</strong></span> <span class='ocrx_word' id='word_1_107' title='bbox 1034 1403 1098 1478; x_wconf 85' lang='lat' dir='ltr'><strong>ejus</strong></span> <span class='ocrx_word' id='word_1_108' title='bbox 1112 1403 1188 1461; x_wconf 87' lang='lat' dir='ltr'><strong>male</strong></span> <span class='ocrx_word' id='word_1_109' title='bbox 1202 1402 1277 1460; x_wconf 84' lang='lat' dir='ltr'><strong>iutel-</strong></span> 
     </span>
     <span class='ocr_line' id='line_1_14' title="bbox 81 1497 1275 1573; baseline -0.002 -14"><span class='ocrx_word' id='word_1_110' title='bbox 81 1501 163 1560; x_wconf 88' lang='lat' dir='ltr'><strong>lectis</strong></span> <span class='ocrx_word' id='word_1_111' title='bbox 177 1512 255 1557; x_wconf 90' lang='lat' dir='ltr'><strong>ortus</strong></span> <span class='ocrx_word' id='word_1_112' title='bbox 276 1498 370 1565; x_wconf 84' lang='lat' dir='ltr'><strong>fuerit,</strong></span> <span class='ocrx_word' id='word_1_113' title='bbox 384 1498 510 1573; x_wconf 89' lang='lat' dir='ltr'><strong>oportuit</strong></span> <span class='ocrx_word' id='word_1_114' title='bbox 530 1499 649 1555; x_wconf 93' lang='lat' dir='ltr'><strong>omnino</strong></span> <span class='ocrx_word' id='word_1_115' title='bbox 669 1516 735 1555; x_wconf 90' lang='lat' dir='ltr'><strong>eum</strong></span> <span class='ocrx_word' id='word_1_116' title='bbox 750 1497 903 1573; x_wconf 82' lang='lat' dir='ltr'><strong>corrigere,</strong></span> <span class='ocrx_word' id='word_1_117' title='bbox 918 1506 947 1554; x_wconf 90' lang='lat' dir='ltr'><strong>et</strong></span> <span class='ocrx_word' id='word_1_118' title='bbox 966 1506 1093 1556; x_wconf 89' lang='lat' dir='ltr'><strong>mentem</strong></span> <span class='ocrx_word' id='word_1_119' title='bbox 1115 1499 1275 1557; x_wconf 82' lang='lat' dir='ltr'><strong>clarissimis</strong></span> 
     </span>
     <span class='ocr_line' id='line_1_15' title="bbox 82 1593 1278 1674; baseline -0.002 -17"><span class='ocrx_word' id='word_1_120' title='bbox 82 1599 188 1665; x_wconf 85' lang='lat' dir='ltr'><strong>verbis,</strong></span> <span class='ocrx_word' id='word_1_121' title='bbox 204 1616 267 1670; x_wconf 77' lang='lat' dir='ltr'><strong>quse</strong></span> <span class='ocrx_word' id='word_1_122' title='bbox 282 1615 348 1654; x_wconf 90' lang='lat' dir='ltr'><strong>eum</strong></span> <span class='ocrx_word' id='word_1_123' title='bbox 363 1597 476 1672; x_wconf 88' lang='lat' dir='ltr'><strong>penitus</strong></span> <span class='ocrx_word' id='word_1_124' title='bbox 493 1595 632 1674; x_wconf 86' lang='lat' dir='ltr'><strong>tollerent,</strong></span> <span class='ocrx_word' id='word_1_125' title='bbox 648 1596 768 1671; x_wconf 88' lang='lat' dir='ltr'><strong>aperire.</strong></span> <span class='ocrx_word' id='word_1_126' title='bbox 809 1595 874 1653; x_wconf 88' lang='lat' dir='ltr'><strong>Jam</strong></span> <span class='ocrx_word' id='word_1_127' title='bbox 889 1593 954 1652; x_wconf 76' lang='lat' dir='ltr'><strong>verb</strong></span> <span class='ocrx_word' id='word_1_128' title='bbox 970 1595 1105 1653; x_wconf 83' lang='lat' dir='ltr'><strong>Christus</strong></span> <span class='ocrx_word' id='word_1_129' title='bbox 1120 1597 1160 1653; x_wconf 87' lang='lat' dir='ltr'><strong>ita</strong></span> <span class='ocrx_word' id='word_1_130' title='bbox 1173 1597 1278 1655; x_wconf 74' lang='lat' dir='ltr'><strong>tomas</strong></span> 
     </span>
     <span class='ocr_line' id='line_1_16' title="bbox 81 1691 1280 1768; baseline -0.001 -16"><span class='ocrx_word' id='word_1_131' title='bbox 81 1703 127 1753; x_wconf 86' lang='lat' dir='ltr'><strong>est</strong></span> <span class='ocrx_word' id='word_1_132' title='bbox 139 1703 171 1751; x_wconf 90' lang='lat' dir='ltr'><strong>ut</strong></span> <span class='ocrx_word' id='word_1_133' title='bbox 182 1693 276 1751; x_wconf 81' lang='lat' dir='ltr'><strong>Judaei</strong></span> <span class='ocrx_word' id='word_1_134' title='bbox 290 1711 356 1750; x_wconf 90' lang='lat' dir='ltr'><strong>eum</strong></span> <span class='ocrx_word' id='word_1_135' title='bbox 371 1711 402 1749; x_wconf 92' lang='lat' dir='ltr'><strong>se</strong></span> <span class='ocrx_word' id='word_1_136' title='bbox 424 1691 519 1749; x_wconf 87' lang='lat' dir='ltr'><strong>Deum</strong></span> <span class='ocrx_word' id='word_1_137' title='bbox 541 1691 633 1749; x_wconf 76' lang='lat' dir='ltr'><strong>secere</strong></span> <span class='ocrx_word' id='word_1_138' title='bbox 648 1692 853 1767; x_wconf 81' lang='lat' dir='ltr'><strong>intelligerent:</strong></span> <span class='ocrx_word' id='word_1_139' title='bbox 875 1691 939 1768; x_wconf 94' lang='lat' dir='ltr'><strong>ipse</strong></span> <span class='ocrx_word' id='word_1_140' title='bbox 953 1702 1047 1750; x_wconf 87' lang='lat' dir='ltr'><strong>autem</strong></span> <span class='ocrx_word' id='word_1_141' title='bbox 1062 1710 1181 1751; x_wconf 87' lang='lat' dir='ltr'><strong>sensnm</strong></span> <span class='ocrx_word' id='word_1_142' title='bbox 1202 1693 1280 1751; x_wconf 86' lang='lat' dir='ltr'><strong>illurn</strong></span> 
     </span>
     <span class='ocr_line' id='line_1_17' title="bbox 82 1788 649 1868; baseline -0.012 -17"><span class='ocrx_word' id='word_1_143' title='bbox 82 1789 141 1851; x_wconf 80' lang='lat' dir='ltr'><strong>no&#39;n</strong></span> <span class='ocrx_word' id='word_1_144' title='bbox 154 1790 262 1868; x_wconf 86' lang='lat' dir='ltr'><strong>rejecit,</strong></span> <span class='ocrx_word' id='word_1_145' title='bbox 277 1788 329 1847; x_wconf 86' lang='lat' dir='ltr'><strong>sed</strong></span> <span class='ocrx_word' id='word_1_146' title='bbox 343 1788 438 1866; x_wconf 89' lang='lat' dir='ltr'><strong>potius</strong></span> <span class='ocrx_word' id='word_1_147' title='bbox 461 1788 649 1849; x_wconf 82' lang='lat' dir='ltr'><strong>confirmavit.</strong></span> 
     </span>
    </p>

    <p class='ocr_par' dir='ltr' id='par_1_6' title="bbox 79 1883 1287 3602">
     <span class='ocr_line' id='line_1_18' title="bbox 125 1883 1286 1962; baseline -0.002 -17"><span class='ocrx_word' id='word_1_148' title='bbox 125 1890 176 1948; x_wconf 82' lang='grc'><strong>33.</strong></span> <span class='ocrx_word' id='word_1_149' title='bbox 195 1886 240 1944; x_wconf 89' lang='lat' dir='ltr'><strong>De</strong></span> <span class='ocrx_word' id='word_1_150' title='bbox 257 1885 400 1952; x_wconf 85' lang='lat' dir='ltr'><strong>fidelibus,</strong></span> <span class='ocrx_word' id='word_1_151' title='bbox 415 1885 468 1940; x_wconf 93' lang='lat' dir='ltr'><strong>sub</strong></span> <span class='ocrx_word' id='word_1_152' title='bbox 482 1885 578 1941; x_wconf 84' lang='lat' dir='ltr'><strong>ovium</strong></span> <span class='ocrx_word' id='word_1_153' title='bbox 594 1884 694 1962; x_wconf 85' lang='lat' dir='ltr'><strong>figura,</strong></span> <span class='ocrx_word' id='word_1_154' title='bbox 709 1883 840 1955; x_wconf 91' lang='lat' dir='ltr'><strong>loquens,</strong></span> <span class='ocrx_word' id='word_1_155' title='bbox 855 1901 887 1940; x_wconf 89' lang='lat' dir='ltr'><strong>se</strong></span> <span class='ocrx_word' id='word_1_156' title='bbox 900 1883 987 1941; x_wconf 85' lang='lat' dir='ltr'><strong>vitam</strong></span> <span class='ocrx_word' id='word_1_157' title='bbox 1006 1895 1144 1942; x_wconf 68' lang='lat' dir='ltr'><strong>aeternam</strong></span> <span class='ocrx_word' id='word_1_158' title='bbox 1155 1884 1192 1943; x_wconf 83' lang='lat' dir='ltr'><strong>iis</strong></span> <span class='ocrx_word' id='word_1_159' title='bbox 1204 1884 1286 1943; x_wconf 82' lang='lat' dir='ltr'><strong>detn-</strong></span> 
     </span>
     <span class='ocr_line' id='line_1_19' title="bbox 82 1981 1283 2060; baseline -0.002 -17"><span class='ocrx_word' id='word_1_160' title='bbox 82 2005 146 2048; x_wconf 89' lang='lat' dir='ltr'><strong>rum</strong></span> <span class='ocrx_word' id='word_1_161' title='bbox 160 1984 242 2051; x_wconf 86' lang='lat' dir='ltr'><strong>dixit,</strong></span> <span class='ocrx_word' id='word_1_162' title='bbox 257 1985 365 2060; x_wconf 89' lang='lat' dir='ltr'><strong>quippe</strong></span> <span class='ocrx_word' id='word_1_163' title='bbox 379 1981 478 2039; x_wconf 90' lang='lat' dir='ltr'><strong>eadem</strong></span> <span class='ocrx_word' id='word_1_164' title='bbox 494 2001 550 2052; x_wconf 89' lang='lat' dir='ltr'><strong>qua</strong></span> <span class='ocrx_word' id='word_1_165' title='bbox 565 1981 649 2039; x_wconf 85' lang='lat' dir='ltr'><strong>Pater</strong></span> <span class='ocrx_word' id='word_1_166' title='bbox 670 1990 808 2056; x_wconf 77' lang='lat' dir='ltr'><strong>potestate</strong></span> <span class='ocrx_word' id='word_1_167' title='bbox 823 1981 1004 2056; x_wconf 85' lang='lat' dir='ltr'><strong>gaudentem,</strong></span> <span class='ocrx_word' id='word_1_168' title='bbox 1018 2001 1106 2055; x_wconf 86' lang='lat' dir='ltr'><strong>quam</strong></span> <span class='ocrx_word' id='word_1_169' title='bbox 1121 2000 1208 2040; x_wconf 90' lang='lat' dir='ltr'><strong>nemo</strong></span> <span class='ocrx_word' id='word_1_170' title='bbox 1221 1985 1283 2041; x_wconf 79' lang='lat' dir='ltr'><strong>vin·</strong></span> 
     </span>
     <span class='ocr_line' id='line_1_20' title="bbox 82 2066 1287 2156; baseline -0.002 -19"><span class='ocrx_word' id='word_1_171' title='bbox 82 2066 148 2138; x_wconf 81' lang='lat' dir='ltr'><strong>cere</strong></span> <span class='ocrx_word' id='word_1_172' title='bbox 162 2089 278 2156; x_wconf 83' lang='lat' dir='ltr'><strong>posset:</strong></span> <span class='ocrx_word' id='word_1_173' title='bbox 295 2088 315 2114; x_wconf 87' lang='lat'>“</span> <span class='ocrx_word' id='word_1_174' title='bbox 324 2078 390 2153; x_wconf 89' lang='lat' dir='ltr'><strong>Ego</strong></span> <span class='ocrx_word' id='word_1_175' title='bbox 404 2077 490 2133; x_wconf 88' lang='lat' dir='ltr'><strong>vitam</strong></span> <span class='ocrx_word' id='word_1_176' title='bbox 506 2088 639 2133; x_wconf 79' lang='lat' dir='ltr'><strong>aeternam</strong></span> <span class='ocrx_word' id='word_1_177' title='bbox 654 2076 691 2133; x_wconf 91' lang='lat' dir='ltr'><strong>do</strong></span> <span class='ocrx_word' id='word_1_178' title='bbox 705 2078 768 2134; x_wconf 86' lang='lat' dir='ltr'><strong>eis:</strong></span> <span class='ocrx_word' id='word_1_179' title='bbox 790 2089 819 2134; x_wconf 91' lang='lat' dir='ltr'><strong>et</strong></span> <span class='ocrx_word' id='word_1_180' title='bbox 833 2096 891 2135; x_wconf 89' lang='lat' dir='ltr'><strong>non</strong></span> <span class='ocrx_word' id='word_1_181' title='bbox 907 2078 1039 2152; x_wconf 90' lang='lat' dir='ltr'><strong>peribunt</strong></span> <span class='ocrx_word' id='word_1_182' title='bbox 1052 2079 1082 2136; x_wconf 88' lang='lat' dir='ltr'><strong>in</strong></span> <span class='ocrx_word' id='word_1_183' title='bbox 1096 2087 1241 2144; x_wconf 82' lang='lat' dir='ltr'><strong>aetemum,</strong></span> <span class='ocrx_word' id='word_1_184' title='bbox 1250 2089 1287 2137; x_wconf 79' lang='lat' dir='ltr'><strong>et</strong></span> 
     </span>
     <span class='ocr_line' id='line_1_21' title="bbox 83 2170 1281 2250; baseline 0 -17"><span class='ocrx_word' id='word_1_185' title='bbox 83 2195 142 2234; x_wconf 92' lang='lat' dir='ltr'><strong>non</strong></span> <span class='ocrx_word' id='word_1_186' title='bbox 156 2175 247 2250; x_wconf 89' lang='lat' dir='ltr'><strong>rapiet</strong></span> <span class='ocrx_word' id='word_1_187' title='bbox 260 2192 309 2230; x_wconf 88' lang='lat' dir='ltr'><strong>eas</strong></span> <span class='ocrx_word' id='word_1_188' title='bbox 324 2173 474 2245; x_wconf 89' lang='lat' dir='ltr'><strong>quisquam</strong></span> <span class='ocrx_word' id='word_1_189' title='bbox 489 2170 524 2227; x_wconf 91' lang='lat' dir='ltr'><strong>de</strong></span> <span class='ocrx_word' id='word_1_190' title='bbox 539 2190 623 2228; x_wconf 88' lang='lat' dir='ltr'><strong>manu</strong></span> <span class='ocrx_word' id='word_1_191' title='bbox 645 2178 718 2230; x_wconf 84' lang='lat' dir='ltr'><strong>mea.</strong></span> <span class='ocrx_word' id='word_1_192' title='bbox 760 2174 846 2230; x_wconf 87' lang='lat' dir='ltr'><strong>Pater</strong></span> <span class='ocrx_word' id='word_1_193' title='bbox 859 2191 941 2230; x_wconf 90' lang='lat' dir='ltr'><strong>meus</strong></span> <span class='ocrx_word' id='word_1_194' title='bbox 956 2174 1033 2246; x_wconf 90' lang='lat' dir='ltr'><strong>quod</strong></span> <span class='ocrx_word' id='word_1_195' title='bbox 1047 2172 1126 2233; x_wconf 86' lang='lat' dir='ltr'><strong>dedit</strong></span> <span class='ocrx_word' id='word_1_196' title='bbox 1139 2176 1211 2233; x_wconf 89' lang='lat' dir='ltr'><strong>mihi</strong></span> <span class='ocrx_word' id='word_1_197' title='bbox 1223 2192 1281 2233; x_wconf 78' lang='lat' dir='ltr'><strong>rna·</strong></span> 
     </span>
     <span class='ocr_line' id='line_1_22' title="bbox 79 2270 1287 2350; baseline 0 -21"><span class='ocrx_word' id='word_1_198' title='bbox 79 2274 129 2350; x_wconf 90' lang='lat' dir='ltr'><strong>jus</strong></span> <span class='ocrx_word' id='word_1_199' title='bbox 150 2271 283 2329; x_wconf 89' lang='lat' dir='ltr'><strong>omnibus</strong></span> <span class='ocrx_word' id='word_1_200' title='bbox 303 2280 364 2327; x_wconf 90' lang='lat' dir='ltr'><strong>est:</strong></span> <span class='ocrx_word' id='word_1_201' title='bbox 387 2279 416 2324; x_wconf 91' lang='lat' dir='ltr'><strong>et</strong></span> <span class='ocrx_word' id='word_1_202' title='bbox 439 2286 524 2325; x_wconf 91' lang='lat' dir='ltr'><strong>nemo</strong></span> <span class='ocrx_word' id='word_1_203' title='bbox 547 2279 639 2342; x_wconf 84' lang='lat' dir='ltr'><strong>potest</strong></span> <span class='ocrx_word' id='word_1_204' title='bbox 661 2289 759 2345; x_wconf 86' lang='lat' dir='ltr'><strong>rapere</strong></span> <span class='ocrx_word' id='word_1_205' title='bbox 780 2270 816 2327; x_wconf 89' lang='lat' dir='ltr'><strong>de</strong></span> <span class='ocrx_word' id='word_1_206' title='bbox 842 2289 926 2327; x_wconf 89' lang='lat' dir='ltr'><strong>manu</strong></span> <span class='ocrx_word' id='word_1_207' title='bbox 949 2270 1043 2328; x_wconf 88' lang='lat' dir='ltr'><strong>Patris</strong></span> <span class='ocrx_word' id='word_1_208' title='bbox 1064 2272 1134 2330; x_wconf 86' lang='lat' dir='ltr'><strong>mei.</strong></span> <span class='ocrx_word' id='word_1_209' title='bbox 1175 2273 1287 2348; x_wconf 76' lang='lat' dir='ltr'><strong>Egoet</strong></span> 
     </span>
     <span class='ocr_line' id='line_1_23' title="bbox 84 2363 1287 2445; baseline -0.001 -19"><span class='ocrx_word' id='word_1_210' title='bbox 84 2367 168 2426; x_wconf 84' lang='lat' dir='ltr'><strong>Pater</strong></span> <span class='ocrx_word' id='word_1_211' title='bbox 192 2384 280 2422; x_wconf 90' lang='lat' dir='ltr'><strong>unum</strong></span> <span class='ocrx_word' id='word_1_212' title='bbox 306 2363 454 2421; x_wconf 74' lang='lat' dir='ltr'><strong>sumus.”⁹</strong></span> <span class='ocrx_word' id='word_1_213' title='bbox 491 2368 539 2434; x_wconf 76' lang='grc' dir='ltr'><strong>ἐγὼ</strong></span> <span class='ocrx_word' id='word_1_214' title='bbox 550 2367 592 2417; x_wconf 60' lang='grc' dir='ltr'><strong>καὶ</strong></span> <span class='ocrx_word' id='word_1_215' title='bbox 604 2369 617 2418; x_wconf 79' lang='grc' dir='ltr'><strong><em>ὅ</em></strong></span> <span class='ocrx_word' id='word_1_216' title='bbox 627 2369 708 2436; x_wconf 52' lang='grc' dir='ltr'><strong><em>πατὴρ</em></strong></span> <span class='ocrx_word' id='word_1_217' title='bbox 720 2372 744 2421; x_wconf 75' lang='grc' dir='ltr'><strong>ἓν</strong></span> <span class='ocrx_word' id='word_1_218' title='bbox 754 2370 836 2434; x_wconf 71' lang='grc' dir='ltr'><strong><em>ἐσμεν.</em></strong></span> <span class='ocrx_word' id='word_1_219' title='bbox 878 2367 952 2424; x_wconf 74' lang='lat' dir='ltr'><strong>vua</strong></span> <span class='ocrx_word' id='word_1_220' title='bbox 977 2378 1089 2426; x_wconf 79' lang='lat' dir='ltr'><strong>aetemae</strong></span> <span class='ocrx_word' id='word_1_221' title='bbox 1110 2369 1287 2445; x_wconf 82' lang='lat' dir='ltr'><strong>largitio,·ct</strong></span> 
     </span>
     <span class='ocr_line' id='line_1_24' title="bbox 85 2459 1274 2541; baseline 0 -21"><span class='ocrx_word' id='word_1_222' title='bbox 85 2463 211 2539; x_wconf 89' lang='lat' dir='ltr'><strong>potentia</strong></span> <span class='ocrx_word' id='word_1_223' title='bbox 223 2461 301 2517; x_wconf 86' lang='lat' dir='ltr'><strong>nulla</strong></span> <span class='ocrx_word' id='word_1_224' title='bbox 316 2460 343 2516; x_wconf 88' lang='lat' dir='ltr'><strong>vi</strong></span> <span class='ocrx_word' id='word_1_225' title='bbox 366 2459 535 2535; x_wconf 86' lang='lat' dir='ltr'><strong>superanda,</strong></span> <span class='ocrx_word' id='word_1_226' title='bbox 551 2472 579 2516; x_wconf 93' lang='lat' dir='ltr'><strong>et</strong></span> <span class='ocrx_word' id='word_1_227' title='bbox 592 2461 685 2517; x_wconf 86' lang='lat' dir='ltr'><strong>unitas</strong></span> <span class='ocrx_word' id='word_1_228' title='bbox 706 2471 812 2519; x_wconf 80' lang='lat' dir='ltr'><strong>naturae</strong></span> <span class='ocrx_word' id='word_1_229' title='bbox 826 2463 900 2541; x_wconf 73' lang='lat' dir='ltr'><strong>satis</strong></span> <span class='ocrx_word' id='word_1_230' title='bbox 909 2463 983 2521; x_wconf 89' lang='lat' dir='ltr'><strong>clare</strong></span> <span class='ocrx_word' id='word_1_231' title='bbox 998 2463 1095 2523; x_wconf 86' lang='lat' dir='ltr'><strong>Deum</strong></span> <span class='ocrx_word' id='word_1_232' title='bbox 1109 2464 1274 2523; x_wconf 87' lang='lat' dir='ltr'><strong>ostendunt:</strong></span> 
     </span>
     <span class='ocr_line' id='line_1_25' title="bbox 84 2555 1282 2631; baseline 0.004 -17"><span class='ocrx_word' id='word_1_233' title='bbox 84 2576 171 2631; x_wconf 90' lang='lat' dir='ltr'><strong>quare</strong></span> <span class='ocrx_word' id='word_1_234' title='bbox 187 2557 289 2615; x_wconf 87' lang='lat' dir='ltr'><strong>mimm</strong></span> <span class='ocrx_word' id='word_1_235' title='bbox 306 2575 361 2613; x_wconf 89' lang='lat' dir='ltr'><strong>non</strong></span> <span class='ocrx_word' id='word_1_236' title='bbox 378 2566 422 2615; x_wconf 88' lang='lat' dir='ltr'><strong>est</strong></span> <span class='ocrx_word' id='word_1_237' title='bbox 434 2555 551 2613; x_wconf 86' lang='lat' dir='ltr'><strong>Judaeos</strong></span> <span class='ocrx_word' id='word_1_238' title='bbox 572 2556 749 2613; x_wconf 80' lang='lat' dir='ltr'><strong>intellexisse</strong></span> <span class='ocrx_word' id='word_1_239' title='bbox 764 2575 829 2615; x_wconf 90' lang='lat' dir='ltr'><strong>eum</strong></span> <span class='ocrx_word' id='word_1_240' title='bbox 844 2577 875 2616; x_wconf 90' lang='lat' dir='ltr'><strong>se</strong></span> <span class='ocrx_word' id='word_1_241' title='bbox 892 2557 985 2617; x_wconf 86' lang='lat' dir='ltr'><strong>Deum</strong></span> <span class='ocrx_word' id='word_1_242' title='bbox 1000 2559 1107 2618; x_wconf 86' lang='lat' dir='ltr'><strong>dicere.</strong></span> <span class='ocrx_word' id='word_1_243' title='bbox 1152 2560 1282 2619; x_wconf 79' lang='lat' dir='ltr'><strong>“Sustu-</strong></span> 
     </span>
     <span class='ocr_line' id='line_1_26' title="bbox 84 2651 1282 2734; baseline 0.005 -23"><span class='ocrx_word' id='word_1_244' title='bbox 84 2655 177 2711; x_wconf 87' lang='lat' dir='ltr'><strong>lerunt</strong></span> <span class='ocrx_word' id='word_1_245' title='bbox 190 2672 257 2730; x_wconf 87' lang='lat' dir='ltr'><strong>ergo</strong></span> <span class='ocrx_word' id='word_1_246' title='bbox 278 2651 386 2729; x_wconf 88' lang='lat' dir='ltr'><strong>lapides</strong></span> <span class='ocrx_word' id='word_1_247' title='bbox 400 2652 504 2717; x_wconf 74' lang='lat' dir='ltr'><strong>iudai,</strong></span> <span class='ocrx_word' id='word_1_248' title='bbox 520 2664 550 2708; x_wconf 92' lang='lat' dir='ltr'><strong>ut</strong></span> <span class='ocrx_word' id='word_1_249' title='bbox 572 2651 728 2727; x_wconf 84' lang='lat' dir='ltr'><strong>lapidarent</strong></span> <span class='ocrx_word' id='word_1_250' title='bbox 748 2653 847 2710; x_wconf 86' lang='lat' dir='ltr'><strong>eum.’&#39;</strong></span> <span class='ocrx_word' id='word_1_251' title='bbox 891 2654 1083 2730; x_wconf 85' lang='lat' dir='ltr'><strong>Blasphemiae</strong></span> <span class='ocrx_word' id='word_1_252' title='bbox 1104 2675 1173 2717; x_wconf 89' lang='lat' dir='ltr'><strong>eum</strong></span> <span class='ocrx_word' id='word_1_253' title='bbox 1187 2674 1282 2734; x_wconf 83' lang='lat' dir='ltr'><strong>argue·</strong></span> 
     </span>
     <span class='ocr_line' id='line_1_27' title="bbox 85 2748 1279 2828; baseline 0.003 -20"><span class='ocrx_word' id='word_1_254' title='bbox 85 2765 148 2808; x_wconf 89' lang='lat' dir='ltr'><strong>runt</strong></span> <span class='ocrx_word' id='word_1_255' title='bbox 162 2771 169 2808; x_wconf 88' lang='lat'><strong>:</strong></span> <span class='ocrx_word' id='word_1_256' title='bbox 188 2760 205 2786; x_wconf 79' lang='lat'><strong>⁸·</strong></span> <span class='ocrx_word' id='word_1_257' title='bbox 216 2751 283 2822; x_wconf 87' lang='lat' dir='ltr'><strong>quia</strong></span> <span class='ocrx_word' id='word_1_258' title='bbox 297 2762 325 2806; x_wconf 93' lang='lat' dir='ltr'><strong>tu</strong></span> <span class='ocrx_word' id='word_1_259' title='bbox 338 2749 425 2806; x_wconf 86' lang='lat' dir='ltr'><strong>homo</strong></span> <span class='ocrx_word' id='word_1_260' title='bbox 440 2767 505 2805; x_wconf 90' lang='lat' dir='ltr'><strong>cum</strong></span> <span class='ocrx_word' id='word_1_261' title='bbox 520 2748 571 2813; x_wconf 88' lang='lat' dir='ltr'><strong>sie,</strong></span> <span class='ocrx_word' id='word_1_262' title='bbox 587 2748 656 2804; x_wconf 81' lang='lat' dir='ltr'><strong>facis</strong></span> <span class='ocrx_word' id='word_1_263' title='bbox 671 2749 795 2823; x_wconf 89' lang='lat' dir='ltr'><strong>teipsum</strong></span> <span class='ocrx_word' id='word_1_264' title='bbox 806 2749 935 2807; x_wconf 90' lang='lat' dir='ltr'><strong>Deum.”</strong></span> <span class='ocrx_word' id='word_1_265' title='bbox 976 2750 1011 2808; x_wconf 91' lang='lat' dir='ltr'><strong>ld</strong></span> <span class='ocrx_word' id='word_1_266' title='bbox 1021 2770 1136 2828; x_wconf 87' lang='lat' dir='ltr'><strong>negare,</strong></span> <span class='ocrx_word' id='word_1_267' title='bbox 1149 2753 1174 2810; x_wconf 85' lang='lat' dir='ltr'><strong>si</strong></span> <span class='ocrx_word' id='word_1_268' title='bbox 1188 2753 1279 2811; x_wconf 87' lang='lat' dir='ltr'><strong>Deum</strong></span> 
     </span>
     <span class='ocr_line' id='line_1_28' title="bbox 84 2843 1280 2924; baseline 0 -18"><span class='ocrx_word' id='word_1_269' title='bbox 84 2866 142 2906; x_wconf 89' lang='lat' dir='ltr'><strong>nou</strong></span> <span class='ocrx_word' id='word_1_270' title='bbox 157 2865 188 2904; x_wconf 91' lang='lat' dir='ltr'><strong>se</strong></span> <span class='ocrx_word' id='word_1_271' title='bbox 203 2845 334 2912; x_wconf 83' lang='lat' dir='ltr'><strong>dixisset,</strong></span> <span class='ocrx_word' id='word_1_272' title='bbox 350 2844 515 2901; x_wconf 83' lang='lat' dir='ltr'><strong>facillimum</strong></span> <span class='ocrx_word' id='word_1_273' title='bbox 537 2855 605 2907; x_wconf 89' lang='lat' dir='ltr'><strong>erat,</strong></span> <span class='ocrx_word' id='word_1_274' title='bbox 622 2854 650 2900; x_wconf 89' lang='lat' dir='ltr'><strong>et</strong></span> <span class='ocrx_word' id='word_1_275' title='bbox 670 2843 704 2900; x_wconf 94' lang='lat' dir='ltr'><strong>ad</strong></span> <span class='ocrx_word' id='word_1_276' title='bbox 726 2844 879 2920; x_wconf 91' lang='lat' dir='ltr'><strong>placandos</strong></span> <span class='ocrx_word' id='word_1_277' title='bbox 895 2845 992 2917; x_wconf 88' lang='lat' dir='ltr'><strong>hostes</strong></span> <span class='ocrx_word' id='word_1_278' title='bbox 1008 2847 1135 2904; x_wconf 86' lang='lat' dir='ltr'><strong>maxime</strong></span> <span class='ocrx_word' id='word_1_279' title='bbox 1150 2857 1280 2924; x_wconf 89' lang='lat' dir='ltr'><strong>opportu-</strong></span> 
     </span>
     <span class='ocr_line' id='line_1_29' title="bbox 84 2939 1281 3015; baseline 0 -13"><span class='ocrx_word' id='word_1_280' title='bbox 84 2962 165 3010; x_wconf 88' lang='lat' dir='ltr'><strong>num,</strong></span> <span class='ocrx_word' id='word_1_281' title='bbox 181 2946 239 2999; x_wconf 90' lang='lat' dir='ltr'><strong>imo</strong></span> <span class='ocrx_word' id='word_1_282' title='bbox 252 2941 421 2998; x_wconf 84' lang='lat' dir='ltr'><strong>sinceritatis</strong></span> <span class='ocrx_word' id='word_1_283' title='bbox 437 2952 466 2997; x_wconf 91' lang='lat' dir='ltr'><strong>et</strong></span> <span class='ocrx_word' id='word_1_284' title='bbox 480 2941 625 3015; x_wconf 89' lang='lat' dir='ltr'><strong>probitatis</strong></span> <span class='ocrx_word' id='word_1_285' title='bbox 640 2939 751 3015; x_wconf 85' lang='lat' dir='ltr'><strong>legibus</strong></span> <span class='ocrx_word' id='word_1_286' title='bbox 764 2941 881 2998; x_wconf 90' lang='lat' dir='ltr'><strong>omnino</strong></span> <span class='ocrx_word' id='word_1_287' title='bbox 893 2943 1112 3000; x_wconf 78' lang='lat' dir='ltr'><strong>necessarium·</strong></span> <span class='ocrx_word' id='word_1_288' title='bbox 1151 2945 1281 3002; x_wconf 84' lang='lat' dir='ltr'><strong>Attamen</strong></span> 
     </span>
     <span class='ocr_line' id='line_1_30' title="bbox 85 3036 1279 3119; baseline 0.003 -22"><span class='ocrx_word' id='word_1_289' title='bbox 85 3039 243 3114; x_wconf 88' lang='lat' dir='ltr'><strong>negationis</strong></span> <span class='ocrx_word' id='word_1_290' title='bbox 259 3037 366 3094; x_wconf 89' lang='lat' dir='ltr'><strong>nullum</strong></span> <span class='ocrx_word' id='word_1_291' title='bbox 382 3046 425 3093; x_wconf 89' lang='lat' dir='ltr'><strong>est</strong></span> <span class='ocrx_word' id='word_1_292' title='bbox 439 3036 595 3105; x_wconf 67' lang='lat' dir='ltr'><strong>indicium</strong></span> <span class='ocrx_word' id='word_1_293' title='bbox 618 3036 671 3106; x_wconf 83' lang='lat' dir='ltr'><strong>sed</strong></span> <span class='ocrx_word' id='word_1_294' title='bbox 684 3037 760 3109; x_wconf 90' lang='lat' dir='ltr'><strong>quod</strong></span> <span class='ocrx_word' id='word_1_295' title='bbox 775 3038 885 3095; x_wconf 82' lang='lat' dir='ltr'><strong>dixerat</strong></span> <span class='ocrx_word' id='word_1_296' title='bbox 905 3040 977 3096; x_wconf 89' lang='lat' dir='ltr'><strong>tueri</strong></span> <span class='ocrx_word' id='word_1_297' title='bbox 992 3040 1094 3116; x_wconf 90' lang='lat' dir='ltr'><strong>pergit,</strong></span> <span class='ocrx_word' id='word_1_298' title='bbox 1109 3042 1245 3119; x_wconf 87' lang='lat' dir='ltr'><strong>exemplo</strong></span> <span class='ocrx_word' id='word_1_299' title='bbox 1263 3060 1279 3099; x_wconf 84' lang='lat' dir='ltr'><strong>a</strong></span> 
     </span>
     <span class='ocr_line' id='line_1_31' title="bbox 86 3131 1279 3212; baseline 0.002 -22"><span class='ocrx_word' id='word_1_300' title='bbox 86 3132 239 3208; x_wconf 88' lang='lat' dir='ltr'><strong>Scripturis</strong></span> <span class='ocrx_word' id='word_1_301' title='bbox 262 3131 422 3205; x_wconf 90' lang='lat' dir='ltr'><strong>desumpto.</strong></span> <span class='ocrx_word' id='word_1_302' title='bbox 466 3133 673 3208; x_wconf 84' lang='lat' dir='ltr'><strong>Argumentum</strong></span> <span class='ocrx_word' id='word_1_303' title='bbox 698 3153 735 3190; x_wconf 88' lang='lat' dir='ltr'><strong>ex</strong></span> <span class='ocrx_word' id='word_1_304' title='bbox 759 3135 851 3191; x_wconf 89' lang='lat' dir='ltr'><strong>latiori</strong></span> <span class='ocrx_word' id='word_1_305' title='bbox 875 3135 1006 3191; x_wconf 86' lang='lat' dir='ltr'><strong>vocabuli</strong></span> <span class='ocrx_word' id='word_1_306' title='bbox 1032 3135 1118 3212; x_wconf 89' lang='lat' dir='ltr'><strong>hujus</strong></span> <span class='ocrx_word' id='word_1_307' title='bbox 1144 3156 1209 3204; x_wconf 89' lang='lat' dir='ltr'><strong>usu,</strong></span> <span class='ocrx_word' id='word_1_308' title='bbox 1232 3136 1279 3210; x_wconf 90' lang='lat' dir='ltr'><strong>qui</strong></span> 
     </span>
     <span class='ocr_line' id='line_1_32' title="bbox 86 3222 1281 3308; baseline 0.006 -24"><span class='ocrx_word' id='word_1_309' title='bbox 86 3228 241 3306; x_wconf 87' lang='lat' dir='ltr'><strong>prophetas</strong></span> <span class='ocrx_word' id='word_1_310' title='bbox 257 3226 312 3283; x_wconf 92' lang='lat' dir='ltr'><strong>Dei</strong></span> <span class='ocrx_word' id='word_1_311' title='bbox 328 3226 577 3301; x_wconf 88' lang='lat' dir='ltr'><strong>complectebatur,</strong></span> <span class='ocrx_word' id='word_1_312' title='bbox 593 3227 707 3300; x_wconf 86' lang='lat' dir='ltr'><strong>adhibet</strong></span> <span class='ocrx_word' id='word_1_313' title='bbox 721 3249 728 3295; x_wconf 80' lang='lat'>3</span> <span class='ocrx_word' id='word_1_314' title='bbox 750 3229 903 3286; x_wconf 85' lang='lat' dir='ltr'><strong>ostendens</strong></span> <span class='ocrx_word' id='word_1_315' title='bbox 918 3248 949 3288; x_wconf 90' lang='lat' dir='ltr'><strong>se</strong></span> <span class='ocrx_word' id='word_1_316' title='bbox 964 3249 984 3288; x_wconf 89' lang='lat' dir='ltr'><strong>o</strong></span> <span class='ocrx_word' id='word_1_317' title='bbox 993 3228 1123 3308; x_wconf 82' lang='lat' dir='ltr'><strong>fortiori</strong></span> <span class='ocrx_word' id='word_1_318' title='bbox 1138 3222 1178 3290; x_wconf 83' lang='lat' dir='ltr'><strong>ita</strong></span> <span class='ocrx_word' id='word_1_319' title='bbox 1191 3232 1281 3291; x_wconf 86' lang='lat' dir='ltr'><strong>vocari</strong></span> 
     </span>
     <span class='ocr_line' id='line_1_33' title="bbox 86 3320 1281 3406; baseline 0.004 -26"><span class='ocrx_word' id='word_1_320' title='bbox 86 3341 183 3400; x_wconf 90' lang='lat' dir='ltr'><strong>posse,</strong></span> <span class='ocrx_word' id='word_1_321' title='bbox 199 3321 291 3378; x_wconf 90' lang='lat' dir='ltr'><strong>Filius</strong></span> <span class='ocrx_word' id='word_1_322' title='bbox 307 3320 414 3396; x_wconf 87' lang='lat' dir='ltr'><strong>quippe</strong></span> <span class='ocrx_word' id='word_1_323' title='bbox 426 3320 482 3378; x_wconf 88' lang='lat' dir='ltr'><strong>Dei</strong></span> <span class='ocrx_word' id='word_1_324' title='bbox 495 3331 562 3388; x_wconf 90' lang='lat' dir='ltr'><strong>erat,</strong></span> <span class='ocrx_word' id='word_1_325' title='bbox 578 3321 689 3379; x_wconf 87' lang='lat' dir='ltr'><strong>aPatre</strong></span> <span class='ocrx_word' id='word_1_326' title='bbox 701 3325 902 3406; x_wconf 84' lang='lat' dir='ltr'><strong>sanctificatus,</strong></span> <span class='ocrx_word' id='word_1_327' title='bbox 919 3325 948 3380; x_wconf 92' lang='lat' dir='ltr'><strong>in</strong></span> <span class='ocrx_word' id='word_1_328' title='bbox 962 3325 1114 3400; x_wconf 87' lang='lat' dir='ltr'><strong>splendore</strong></span> <span class='ocrx_word' id='word_1_329' title='bbox 1128 3328 1281 3387; x_wconf 84' lang='lat' dir='ltr'><strong>sanctitatis</strong></span> 
     </span>
     <span class='ocr_line' id='line_1_34' title="bbox 87 3419 1281 3499; baseline 0.003 -20"><span class='ocrx_word' id='word_1_330' title='bbox 87 3433 150 3479; x_wconf 90' lang='lat' dir='ltr'><strong>ante</strong></span> <span class='ocrx_word' id='word_1_331' title='bbox 166 3439 293 3478; x_wconf 85' lang='lat' dir='ltr'><strong>auroram</strong></span> <span class='ocrx_word' id='word_1_332' title='bbox 314 3419 451 3494; x_wconf 88' lang='lat' dir='ltr'><strong>genitus,⁴</strong></span> <span class='ocrx_word' id='word_1_333' title='bbox 471 3431 499 3476; x_wconf 90' lang='lat' dir='ltr'><strong>et</strong></span> <span class='ocrx_word' id='word_1_334' title='bbox 520 3419 548 3477; x_wconf 91' lang='lat' dir='ltr'><strong>in</strong></span> <span class='ocrx_word' id='word_1_335' title='bbox 571 3420 707 3477; x_wconf 88' lang='lat' dir='ltr'><strong>mnndum</strong></span> <span class='ocrx_word' id='word_1_336' title='bbox 730 3423 847 3483; x_wconf 85' lang='lat' dir='ltr'><strong>missus,</strong></span> <span class='ocrx_word' id='word_1_337' title='bbox 869 3441 957 3494; x_wconf 90' lang='lat' dir='ltr'><strong>quum</strong></span> <span class='ocrx_word' id='word_1_338' title='bbox 973 3435 1054 3480; x_wconf 87' lang='lat' dir='ltr'><strong>antea</strong></span> <span class='ocrx_word' id='word_1_339' title='bbox 1077 3424 1155 3499; x_wconf 91' lang='lat' dir='ltr'><strong>apud</strong></span> <span class='ocrx_word' id='word_1_340' title='bbox 1170 3425 1281 3483; x_wconf 86' lang='lat' dir='ltr'><strong>Patrem</strong></span> 
     </span>
     <span class='ocr_line' id='line_1_35' title="bbox 86 3516 1281 3602; baseline 0.004 -26"><span class='ocrx_word' id='word_1_341' title='bbox 86 3527 171 3577; x_wconf 87' lang='lat' dir='ltr'><strong>esset.</strong></span> <span class='ocrx_word' id='word_1_342' title='bbox 213 3517 351 3584; x_wconf 81' lang='lat' dir='ltr'><strong>Quamvis</strong></span> <span class='ocrx_word' id='word_1_343' title='bbox 365 3516 489 3575; x_wconf 87' lang='lat' dir='ltr'><strong>divinam</strong></span> <span class='ocrx_word' id='word_1_344' title='bbox 504 3535 584 3574; x_wconf 91' lang='lat' dir='ltr'><strong>suam</strong></span> <span class='ocrx_word' id='word_1_345' title='bbox 600 3532 727 3576; x_wconf 85' lang='lat' dir='ltr'><strong>naturam</strong></span> <span class='ocrx_word' id='word_1_346' title='bbox 748 3519 827 3576; x_wconf 90' lang='lat' dir='ltr'><strong>hisce</strong></span> <span class='ocrx_word' id='word_1_347' title='bbox 844 3521 937 3602; x_wconf 87' lang='lat' dir='ltr'><strong>verbis</strong></span> <span class='ocrx_word' id='word_1_348' title='bbox 952 3520 1071 3578; x_wconf 89' lang='lat' dir='ltr'><strong>obscure</strong></span> <span class='ocrx_word' id='word_1_349' title='bbox 1087 3531 1197 3591; x_wconf 82' lang='lat' dir='ltr'><strong>tantum</strong></span> <span class='ocrx_word' id='word_1_350' title='bbox 1212 3522 1281 3581; x_wconf 89' lang='lat' dir='ltr'><strong>indi·</strong></span> 
     </span>
    </p>
   </div>
   <div class='ocr_carea' id='block_1_4' title="bbox 120 3691 1281 3756">
    <p class='ocr_par' dir='ltr' id='par_1_7' title="bbox 120 3691 1281 3756">
     <span class='ocr_line' id='line_1_36' title="bbox 120 3691 1281 3756; baseline 0.006 -15"><span class='ocrx_word' id='word_1_351' title='bbox 120 3697 158 3756; x_wconf 82' lang='lat' dir='ltr'><strong>(l)</strong></span> <span class='ocrx_word' id='word_1_352' title='bbox 176 3693 264 3742; x_wconf 83' lang='lat' dir='ltr'><strong>Mat</strong></span> <span class='ocrx_word' id='word_1_353' title='bbox 240 3709 274 3741; x_wconf 75' lang='grc' dir='ltr'><strong>ιι</strong></span> <span class='ocrx_word' id='word_1_354' title='bbox 285 3694 309 3742; x_wconf 82' lang='lat'><strong>4.</strong></span> <span class='ocrx_word' id='word_1_355' title='bbox 327 3691 418 3741; x_wconf 82' lang='lat' dir='ltr'><strong>Confer</strong></span> <span class='ocrx_word' id='word_1_356' title='bbox 429 3691 503 3741; x_wconf 81' lang='lat' dir='ltr'><strong>etiam</strong></span> <span class='ocrx_word' id='word_1_357' title='bbox 510 3691 579 3741; x_wconf 84' lang='lat' dir='ltr'><strong>Isaim</strong></span> <span class='ocrx_word' id='word_1_358' title='bbox 589 3692 637 3740; x_wconf 88' lang='lat' dir='ltr'><strong>xlv</strong></span> <span class='ocrx_word' id='word_1_359' title='bbox 649 3696 690 3742; x_wconf 82' lang='grc'><strong>21.</strong></span> <span class='ocrx_word' id='word_1_360' title='bbox 702 3693 773 3743; x_wconf 84' lang='lat' dir='ltr'><strong>Rom.</strong></span> <span class='ocrx_word' id='word_1_361' title='bbox 786 3694 834 3743; x_wconf 83' lang='lat' dir='ltr'><strong>xiv.</strong></span> <span class='ocrx_word' id='word_1_362' title='bbox 846 3696 888 3743; x_wconf 83' lang='lat'><strong>21.</strong></span> <span class='ocrx_word' id='word_1_363' title='bbox 905 3694 968 3744; x_wconf 88' lang='lat' dir='ltr'><strong>Vide</strong></span> <span class='ocrx_word' id='word_1_364' title='bbox 986 3695 1115 3745; x_wconf 82' lang='lat' dir='ltr'><strong>Patavium</strong></span> <span class='ocrx_word' id='word_1_365' title='bbox 1127 3696 1159 3745; x_wconf 89' lang='lat' dir='ltr'><strong>de</strong></span> <span class='ocrx_word' id='word_1_366' title='bbox 1171 3696 1281 3748; x_wconf 84' lang='lat' dir='ltr'><strong>Trinitl.</strong></span> 
     </span>
    </p>
   </div>
   <div class='ocr_carea' id='block_1_5' title="bbox 85 3858 1284 4096">
    <p class='ocr_par' dir='ltr' id='par_1_8' title="bbox 85 3858 1284 4096">
     <span class='ocr_line' id='line_1_37' title="bbox 121 3858 1284 3933; baseline 0.004 -22"><span class='ocrx_word' id='word_1_367' title='bbox 121 3865 157 3933; x_wconf 65' lang='grc'><strong>12)</strong></span> <span class='ocrx_word' id='word_1_368' title='bbox 176 3861 276 3911; x_wconf 75' lang='lat' dir='ltr'><strong>Grectts</strong></span> <span class='ocrx_word' id='word_1_369' title='bbox 287 3867 369 3910; x_wconf 80' lang='lat' dir='ltr'><strong>textus</strong></span> <span class='ocrx_word' id='word_1_370' title='bbox 379 3859 465 3910; x_wconf 79' lang='lat' dir='ltr'><strong>hebet</strong></span> <span class='ocrx_word' id='word_1_371' title='bbox 483 3858 610 3930; x_wconf 64' lang='grc' dir='ltr'><strong>*ΟΠσιτιςρ</strong></span> <span class='ocrx_word' id='word_1_372' title='bbox 627 3881 680 3928; x_wconf 84' lang='grc' dir='ltr'><strong>μου</strong></span> <span class='ocrx_word' id='word_1_373' title='bbox 689 3830 812 3923; x_wconf 69' lang='lat' dir='ltr'><strong>bsbe&#39;boxe&#39;</strong></span> <span class='ocrx_word' id='word_1_374' title='bbox 830 3883 881 3929; x_wconf 83' lang='grc' dir='ltr'>μοι,</span> <span class='ocrx_word' id='word_1_375' title='bbox 893 3860 981 3929; x_wconf 82' lang='grc' dir='ltr'><strong><em>μειζων</em></strong></span> <span class='ocrx_word' id='word_1_376' title='bbox 998 3879 1096 3917; x_wconf 72' lang='grc' dir='ltr'><em>παντων</em></span> <span class='ocrx_word' id='word_1_377' title='bbox 1108 3876 1197 3919; x_wconf 66' lang='grc' dir='ltr'><strong>εστι</strong></span> <span class='ocrx_word' id='word_1_378' title='bbox 1198 3867 1284 3916; x_wconf 81' lang='lat' dir='ltr'><strong>‘Petet</strong></span> 
     </span>
     <span class='ocr_line' id='line_1_38' title="bbox 85 3936 1284 4023; baseline 0.003 -24"><span class='ocrx_word' id='word_1_379' title='bbox 85 3936 163 4007; x_wconf 63' lang='grc'><strong>111111,</strong></span> <span class='ocrx_word' id='word_1_380' title='bbox 174 3963 216 4012; x_wconf 83' lang='lat' dir='ltr'><strong>qur</strong></span> <span class='ocrx_word' id='word_1_381' title='bbox 209 3947 291 3997; x_wconf 86' lang='lat' dir='ltr'><strong>&#39;dedit</strong></span> <span class='ocrx_word' id='word_1_382' title='bbox 301 3946 370 4006; x_wconf 89' lang='lat' dir='ltr'><strong>mihi,</strong></span> <span class='ocrx_word' id='word_1_383' title='bbox 380 3949 457 4013; x_wconf 84' lang='lat' dir='ltr'><strong>major</strong></span> <span class='ocrx_word' id='word_1_384' title='bbox 468 3949 581 3998; x_wconf 88' lang='lat' dir='ltr'><strong>omnibus</strong></span> <span class='ocrx_word' id='word_1_385' title='bbox 592 3947 651 3998; x_wconf 80' lang='lat' dir='ltr'><strong>est”</strong></span> <span class='ocrx_word' id='word_1_386' title='bbox 671 3948 842 4000; x_wconf 77' lang='lat' dir='ltr'><strong>vetustissime</strong></span> <span class='ocrx_word' id='word_1_387' title='bbox 852 3957 889 3999; x_wconf 88' lang='lat' dir='ltr'><strong>est</strong></span> <span class='ocrx_word' id='word_1_388' title='bbox 902 3950 972 4023; x_wconf 82' lang='lat' dir='ltr'><strong>lectio</strong></span> <span class='ocrx_word' id='word_1_389' title='bbox 984 3963 1058 4014; x_wconf 84' lang='lat' dir='ltr'><strong>quam</strong></span> <span class='ocrx_word' id='word_1_390' title='bbox 1069 3953 1182 4016; x_wconf 88' lang='lat' dir='ltr'><strong>sequitur</strong></span> <span class='ocrx_word' id='word_1_391' title='bbox 1194 3954 1284 4016; x_wconf 76' lang='lat' dir='ltr'><strong>Vulgu-</strong></span> 
     </span>
     <span class='ocr_line' id='line_1_39' title="bbox 85 4031 993 4096; baseline 0.001 -13"><span class='ocrx_word' id='word_1_392' title='bbox 85 4042 117 4093; x_wconf 85' lang='lat' dir='ltr'><strong>ta,</strong></span> <span class='ocrx_word' id='word_1_393' title='bbox 129 4033 165 4083; x_wconf 87' lang='grc'><strong>1111</strong></span> <span class='ocrx_word' id='word_1_394' title='bbox 177 4032 242 4096; x_wconf 84' lang='lat' dir='ltr'><strong>apud</strong></span> <span class='ocrx_word' id='word_1_395' title='bbox 253 4031 432 4082; x_wconf 84' lang='lat' dir='ltr'><strong>Tertullianum</strong></span> <span class='ocrx_word' id='word_1_396' title='bbox 443 4033 523 4082; x_wconf 82' lang='lat' dir='ltr'><strong>videre</strong></span> <span class='ocrx_word' id='word_1_397' title='bbox 535 4034 597 4083; x_wconf 90' lang='lat' dir='ltr'><strong>licet.</strong></span> <span class='ocrx_word' id='word_1_398' title='bbox 631 4034 755 4084; x_wconf 78' lang='lat' dir='ltr'><strong>Adversus</strong></span> <span class='ocrx_word' id='word_1_399' title='bbox 765 4035 888 4085; x_wconf 83' lang='lat' dir='ltr'><strong>Prnxesm.</strong></span> <span class='ocrx_word' id='word_1_400' title='bbox 900 4053 921 4085; x_wconf 88' lang='lat' dir='ltr'><strong>c.</strong></span> <span class='ocrx_word' id='word_1_401' title='bbox 933 4036 993 4085; x_wconf 85' lang='lat' dir='ltr'><strong>xxii.</strong></span> 
     </span>
    </p>
   </div>
   <div class='ocr_carea' id='block_1_6' title="bbox 86 4115 1285 4270">
    <p class='ocr_par' dir='ltr' id='par_1_9' title="bbox 86 4115 1285 4270">
     <span class='ocr_line' id='line_1_40' title="bbox 121 4115 1285 4196; baseline 0.008 -31"><span class='ocrx_word' id='word_1_402' title='bbox 121 4121 158 4180; x_wconf 89' lang='grc'><strong>(3)</strong></span> <span class='ocrx_word' id='word_1_403' title='bbox 176 4115 275 4179; x_wconf 88' lang='lat' dir='ltr'><strong>Optime</strong></span> <span class='ocrx_word' id='word_1_404' title='bbox 287 4116 454 4196; x_wconf 79' lang='lat' dir='ltr'><strong>animadvertit</strong></span> <span class='ocrx_word' id='word_1_405' title='bbox 465 4116 651 4166; x_wconf 79' lang='grc' dir='ltr'><strong>ΒΙοοω111111111</strong></span> <span class='ocrx_word' id='word_1_406' title='bbox 664 4115 785 4167; x_wconf 76' lang='lat' dir='ltr'><strong>locunte‘</strong></span> <span class='ocrx_word' id='word_1_407' title='bbox 787 4120 890 4169; x_wconf 88' lang='lat' dir='ltr'><strong>indeed</strong></span> <span class='ocrx_word' id='word_1_408' title='bbox 902 4121 951 4170; x_wconf 86' lang='lat' dir='ltr'><strong>hed</strong></span> <span class='ocrx_word' id='word_1_409' title='bbox 962 4096 1065 4171; x_wconf 82' lang='lat' dir='ltr'><strong>hebeen</strong></span> <span class='ocrx_word' id='word_1_410' title='bbox 1078 4120 1158 4183; x_wconf 79' lang='lat' dir='ltr'><strong>ought</strong></span> <span class='ocrx_word' id='word_1_411' title='bbox 1168 4124 1213 4173; x_wconf 88' lang='lat' dir='ltr'><strong>hut</strong></span> <span class='ocrx_word' id='word_1_412' title='bbox 1224 4124 1285 4182; x_wconf 87' lang='lat' dir='ltr'><strong>God,</strong></span> 
     </span>
     <span class='ocr_line' id='line_1_41' title="bbox 86 4188 1283 4270; baseline 0.007 -20"><span class='ocrx_word' id='word_1_413' title='bbox 86 4217 134 4250; x_wconf 89' lang='lat' dir='ltr'><strong>one</strong></span> <span class='ocrx_word' id='word_1_414' title='bbox 145 4200 205 4250; x_wconf 84' lang='lat' dir='ltr'><strong>with</strong></span> <span class='ocrx_word' id='word_1_415' title='bbox 216 4199 258 4248; x_wconf 89' lang='lat' dir='ltr'><strong>the</strong></span> <span class='ocrx_word' id='word_1_416' title='bbox 272 4199 366 4258; x_wconf 83' lang='lat' dir='ltr'><strong>Father,</strong></span> <span class='ocrx_word' id='word_1_417' title='bbox 377 4188 490 4249; x_wconf 86' lang='lat' dir='ltr'><strong>common</strong></span> <span class='ocrx_word' id='word_1_418' title='bbox 502 4200 598 4250; x_wconf 87' lang='lat' dir='ltr'><strong>honour</strong></span> <span class='ocrx_word' id='word_1_419' title='bbox 615 4201 687 4250; x_wconf 86' lang='lat' dir='ltr'><strong>end&#39;</strong></span> <span class='ocrx_word' id='word_1_420' title='bbox 680 4218 875 4264; x_wconf 78' lang='lat' dir='ltr'><strong>mgenuousness</strong></span> <span class='ocrx_word' id='word_1_421' title='bbox 887 4206 967 4255; x_wconf 84' lang='lat' dir='ltr'><strong>would</strong></span> <span class='ocrx_word' id='word_1_422' title='bbox 985 4205 1048 4254; x_wconf 87' lang='lat' dir='ltr'><strong>have</strong></span> <span class='ocrx_word' id='word_1_423' title='bbox 1064 4204 1181 4270; x_wconf 86' lang='lat' dir='ltr'><strong>required</strong></span> <span class='ocrx_word' id='word_1_424' title='bbox 1197 4208 1249 4258; x_wconf 87' lang='lat' dir='ltr'><strong>him</strong></span> <span class='ocrx_word' id='word_1_425' title='bbox 1260 4218 1283 4257; x_wconf 90' lang='lat' dir='ltr'><strong>to</strong></span> 
     </span>
    </p>
   </div>
   <div class='ocr_carea' id='block_1_7' title="bbox 86 4279 1284 4439">
    <p class='ocr_par' dir='ltr' id='par_1_10' title="bbox 86 4279 1284 4439">
     <span class='ocr_line' id='line_1_42' title="bbox 86 4279 1284 4359; baseline 0.006 -24"><span class='ocrx_word' id='word_1_426' title='bbox 86 4286 194 4351; x_wconf 73' lang='lat' dir='ltr'><strong>disnvow</strong></span> <span class='ocrx_word' id='word_1_427' title='bbox 206 4283 264 4333; x_wconf 88' lang='lat' dir='ltr'><strong>the</strong></span> <span class='ocrx_word' id='word_1_428' title='bbox 258 4283 440 4347; x_wconf 80' lang='lat' dir='ltr'><strong>interpretation</strong></span> <span class='ocrx_word' id='word_1_429' title='bbox 451 4284 509 4348; x_wconf 84' lang='lat' dir='ltr'><strong>they</strong></span> <span class='ocrx_word' id='word_1_430' title='bbox 521 4285 569 4334; x_wconf 87' lang='lat' dir='ltr'><strong>hed</strong></span> <span class='ocrx_word' id='word_1_431' title='bbox 581 4293 626 4349; x_wconf 87' lang='lat' dir='ltr'><strong>put</strong></span> <span class='ocrx_word' id='word_1_432' title='bbox 636 4301 702 4350; x_wconf 91' lang='lat' dir='ltr'><strong>upon</strong></span> <span class='ocrx_word' id='word_1_433' title='bbox 713 4287 753 4337; x_wconf 91' lang='lat' dir='ltr'><strong>his</strong></span> <span class='ocrx_word' id='word_1_434' title='bbox 765 4288 867 4339; x_wconf 84' lang='lat' dir='ltr'><strong>words.”</strong></span> <span class='ocrx_word' id='word_1_435' title='bbox 876 4279 1008 4359; x_wconf 70' lang='lat' dir='ltr'><strong>Utinem&#39;</strong></span> <span class='ocrx_word' id='word_1_436' title='bbox 989 4306 1024 4339; x_wconf 83' lang='lat' dir='ltr'><strong>stc</strong></span> <span class='ocrx_word' id='word_1_437' title='bbox 1033 4291 1284 4346; x_wconf 76' lang='lat' dir='ltr'><strong>ratiocinetusl&#39;uisset</strong></span> 
     </span>
     <span class='ocr_line' id='line_1_43' title="bbox 87 4367 898 4439; baseline 0.006 -19"><span class='ocrx_word' id='word_1_438' title='bbox 87 4371 202 4435; x_wconf 88' lang='lat' dir='ltr'><strong>interpres</strong></span> <span class='ocrx_word' id='word_1_439' title='bbox 213 4369 375 4426; x_wconf 87' lang='lat' dir='ltr'><strong>doctissimus,</strong></span> <span class='ocrx_word' id='word_1_440' title='bbox 386 4367 446 4419; x_wconf 90' lang='lat' dir='ltr'><strong>dum</strong></span> <span class='ocrx_word' id='word_1_441' title='bbox 453 4380 550 4420; x_wconf 80' lang='lat' dir='ltr'><strong>sextum</strong></span> <span class='ocrx_word' id='word_1_442' title='bbox 562 4380 636 4436; x_wconf 84' lang='lat' dir='ltr'><strong>caput</strong></span> <span class='ocrx_word' id='word_1_443' title='bbox 644 4372 749 4422; x_wconf 89' lang='lat' dir='ltr'><strong>Joennis</strong></span> <span class='ocrx_word' id='word_1_444' title='bbox 760 4375 898 4439; x_wconf 81' lang='lat' dir='ltr'><strong>explicaret</strong></span> 
     </span>
    </p>
   </div>
   <div class='ocr_carea' id='block_1_8' title="bbox 78 4452 1282 4610">
    <p class='ocr_par' dir='ltr' id='par_1_11' title="bbox 78 4452 1282 4610">
     <span class='ocr_line' id='line_1_44' title="bbox 121 4452 1282 4528; baseline 0.01 -26"><span class='ocrx_word' id='word_1_445' title='bbox 121 4455 159 4512; x_wconf 75' lang='lat'><strong>(4)</strong></span> <span class='ocrx_word' id='word_1_446' title='bbox 176 4453 333 4502; x_wconf 81' lang='lat' dir='ltr'><strong>Meldonstus</strong></span> <span class='ocrx_word' id='word_1_447' title='bbox 343 4452 457 4515; x_wconf 81' lang='lat' dir='ltr'><strong>intelligit</strong></span> <span class='ocrx_word' id='word_1_448' title='bbox 468 4469 524 4503; x_wconf 90' lang='lat' dir='ltr'><strong>eum</strong></span> <span class='ocrx_word' id='word_1_449' title='bbox 536 4461 670 4520; x_wconf 83' lang='lat' dir='ltr'><strong>separatum</strong></span> <span class='ocrx_word' id='word_1_450' title='bbox 683 4465 708 4506; x_wconf 90' lang='lat' dir='ltr'><strong>et</strong></span> <span class='ocrx_word' id='word_1_451' title='bbox 717 4457 866 4527; x_wconf 77' lang='lat' dir='ltr'><strong>destinatum</strong></span> <span class='ocrx_word' id='word_1_452' title='bbox 877 4457 980 4521; x_wconf 82' lang='lat' dir='ltr'><strong>muneli,</strong></span> <span class='ocrx_word' id='word_1_453' title='bbox 994 4463 1068 4528; x_wconf 81' lang='lat' dir='ltr'><strong>juxte</strong></span> <span class='ocrx_word' id='word_1_454' title='bbox 1078 4461 1141 4513; x_wconf 87' lang='lat' dir='ltr'><strong>illud</strong></span> <span class='ocrx_word' id='word_1_455' title='bbox 1157 4462 1282 4513; x_wconf 75' lang='lat' dir='ltr'><strong>toronice</strong></span> 
     </span>
     <span class='ocr_line' id='line_1_45' title="bbox 78 4532 1282 4610; baseline 0.009 -22"><span class='ocrx_word' id='word_1_456' title='bbox 78 4532 103 4571; x_wconf 80' lang='lat'><strong>&#39;⁴⁴</strong></span> <span class='ocrx_word' id='word_1_457' title='bbox 110 4547 240 4603; x_wconf 73' lang='lat' dir='ltr'><strong>antequam</strong></span> <span class='ocrx_word' id='word_1_458' title='bbox 251 4539 329 4590; x_wconf 80' lang='lat' dir='ltr'><strong>exime</strong></span> <span class='ocrx_word' id='word_1_459' title='bbox 340 4537 371 4590; x_wconf 89' lang='lat' dir='ltr'><strong>de</strong></span> <span class='ocrx_word' id='word_1_460' title='bbox 382 4539 455 4590; x_wconf 78' lang='lat' dir='ltr'><strong>vulva</strong></span> <span class='ocrx_word' id='word_1_461' title='bbox 465 4540 614 4592; x_wconf 75' lang='lat' dir='ltr'><strong>sanctificavi</strong></span> <span class='ocrx_word' id='word_1_462' title='bbox 625 4549 656 4604; x_wconf 90' lang='lat' dir='ltr'><strong>te,</strong></span> <span class='ocrx_word' id='word_1_463' title='bbox 666 4549 699 4604; x_wconf 85' lang='lat' dir='ltr'><strong>et,</strong></span> <span class='ocrx_word' id='word_1_464' title='bbox 709 4543 851 4610; x_wconf 79' lang='lat' dir='ltr'><strong>prophetem</strong></span> <span class='ocrx_word' id='word_1_465' title='bbox 862 4544 890 4597; x_wconf 89' lang='lat' dir='ltr'><strong>in</strong></span> <span class='ocrx_word' id='word_1_466' title='bbox 901 4547 1015 4610; x_wconf 79' lang='lat' dir='ltr'><strong>gentibus</strong></span> <span class='ocrx_word' id='word_1_467' title='bbox 1025 4547 1082 4601; x_wconf 86' lang='lat' dir='ltr'><strong>dedi</strong></span> <span class='ocrx_word' id='word_1_468' title='bbox 1092 4546 1142 4602; x_wconf 81' lang='lat' dir='ltr'><strong>te.’&#39;</strong></span> <span class='ocrx_word' id='word_1_469' title='bbox 1176 4549 1225 4601; x_wconf 83' lang='lat' dir='ltr'><strong>Jcr.</strong></span> <span class='ocrx_word' id='word_1_470' title='bbox 1235 4548 1251 4599; x_wconf 81' lang='lat' dir='ltr'><strong>i.</strong></span> <span class='ocrx_word' id='word_1_471' title='bbox 1261 4549 1282 4594; x_wconf 79' lang='lat'><strong>5·</strong></span> 
     </span>
    </p>
   </div>
   <div class='ocr_carea' id='block_1_9' title="bbox 60 4710 149 4728">
    <p class='ocr_par' dir='ltr' id='par_1_12' title="bbox 60 4710 149 4728">
     <span class='ocr_line' id='line_1_46' title="bbox 60 4710 149 4728; baseline 0 0"><span class='ocrx_word' id='word_1_472' title='bbox 60 4710 149 4728; x_wconf 71' lang='grc' dir='ltr'><strong>-ι</strong></span> 
     </span>
    </p>
   </div>
   <div class='ocr_carea' id='block_1_10' title="bbox 0 0 1384 5024">
    <p class='ocr_par' dir='ltr' id='par_1_13' title="bbox 0 0 1384 5024">
     <span class='ocr_line' id='line_1_47' title="bbox 0 0 1384 5024; baseline 0 0"><span class='ocrx_word' id='word_1_473' title='bbox 0 0 1384 5024; x_wconf 95' lang='lat' dir='ltr'><strong> </strong></span> 
     </span>
    </p>
   </div>
  </div>
 </body>
</html>
