2744 5024
75 234 138 294 m
434 228 494 289 lte
515 226 692 286 GRfflAE
714 222 952 285 Est-“tcacln

76 410 199 473 peren
211 396 252 453 ite
264 394 386 452 firmiter
398 392 536 449 retinetur
547 402 578 448 et
590 391 706 467 ligatur,
719 399 752 446 ιιι
763 387 900 461 quamdiu
912 387 968 445 isto
980 384 1120 444 stabiliter
1134 380 1271 461 possidetur

78 504 110 548 et
121 491 339 564 muingimr,
353 501 435 544 retus
449 486 603 561 oppositus
618 486 657 540 'sit
668 494 751 541 extra
763 485 827 558 ejus
849 479 1073 558 potestatem.’'¹
1114 477 1273 555 Augustinia·
1346 516 1347 523 ι

78 605 186 646 tener
199 600 231 643 et
244 586 410 642 Tbomirtae
431 584 552 658 gratiam
567 578 738 638 sermnem
754 591 871 655 negant,
885 597 951 650 qne
973 577 1085 635 scilicet
1105 574 1275 653 prohemiss
1338 594 1347 638 ῃ

81 696 154 741 netu
167 680 305 738 effectum
319 680 517 750 consequitur,
531 679 578 734 ret
599 696 635 734 eo
656 677 794 752 privatur,
808 674 987 734 contendunt
1007 673 1087 730 enim
1114 672 1276 728 intrinsecam
1338 660 1339 665 ἵ

83 777 183 854 ‘reue
203 774 365 831 efficaciam
379 775 488 838 messe,
502 773 574 829 adeo
588 786 620 828 ut
633 790 685 828 seu
700 769 889 827 delectatione
904 769 1024 834 celesti,
1039 786 1093 824 seu
1109 765 1278 843 praenotione

80 871 219 948 physin.
228 878 312 927 berto
324 868 531 926 determinetur
543 867 686 932 voluntas,
702 883 796 938 neque
810 865 873 921 fieri
889 882 988 940 posse,
1002 863 1037 920 in
1053 879 1145 919 sensu
1159 858 1279 936 cernpoai·
1318 910 1321 915 ,

79 975 122 1031 te,
136 965 249 1024 sedicet
262 967 451 1042 premotione
464 966 511 1021 ret
524 964 713 1021 delectatione
733 962 942 1019 determinante
958 959 1149 1026 voluntatem,
1167 968 1198 1015 ut
1210 958 1280 1014 hono

81 1062 180 1139 graue
194 1062 319 1121 mut
333 1063 466 1133 quamvis
480 1059 510 1116 id
524 1059 587 1115 tieri
601 1059 694 1135 possit
708 1060 741 1114 in
756 1075 846 1114 semu
859 1054 969 1122 dicium
985 1055 1054 1128 quia
1069 1073 1138 1112 vera
1153 1053 1229 1110 adest
1243 1070 1282 1127 pe·

81 1170 182 1221 utar,
197 1156 270 1213 lieet
282 1175 341 1213 uon
357 1155 476 1231 prrdeat
496 1156 526 1210 in
546 1166 653 1210 aetum.
695 1152 836 1210 Audiatur
860 1151 1049 1227 Gazzaniga:
1075 1159 1097 1231 ⁸⁶.
1106 1149 1165 1207 Dei
1186 1147 1283 1221 quiden

83 1256 214 1327 opertus
227 1269 283 1308 suo
295 1250 402 1307 effectu
416 1251 544 1306 frustrari
558 1269 616 1306 non
632 1261 745 1324 potest;
772 1263 804 1306 ιιι
816 1250 896 1306 enim
916 1249 1010 1320 inquit
1024 1248 1058 1304 S.
1073 1247 1218 1314 Thomas,
1233 1246 1251 1302 i.
1263 1249 1284 1300 t.

81 1366 132 1420 qu.
150 1350 198 1402 to.
212 1360 265 1402 art.
279 1350 300 1401 8
314 1344 350 1401 ad
364 1349 394 1402 3.
409 1344 592 1422 inpossibile
606 1353 661 1410 est,
676 1354 710 1402 ut
722 1345 807 1402 Deus
821 1352 939 1403 mourut
950 1343 1149 1411 voluntatem,
1162 1350 1189 1401 et
1200 1341 1287 1401 uolua·

82 1450 131 1498 ter
144 1456 206 1496 m
220 1447 388 1497 uantur.
430 1439 505 1496 nte
519 1452 616 1496 tumen
630 1440 721 1496 motio
738 1439 794 1497 Dei
809 1441 912 1497 anime
927 1452 1032 1497 nostre
1055 1440 1200 1515 impressa
1220 1439 1291 1494 abso·

82 1536 143 1594 lure
163 1536 308 1610 potestub
328 1535 448 1592 homine
471 1535 609 1601 frustrari,
623 1548 653 1592 et
673 1555 792 1609 prorsus
812 1536 954 1610 extingui.
996 1535 1156 1611 Extingui,
1173 1535 1292 1606 inquam,

83 1638 190 1708 potest,
203 1640 234 1686 et
247 1629 385 1694 mari,
400 1650 458 1687 non
474 1644 558 1704 prout
572 1628 784 1706 reduplicatiee
798 1643 843 1686 est
855 1629 979 1695 efficax3
1001 1630 1058 1687 hoc
1073 1630 1153 1687 enim
1175 1641 1220 1685 est
1235 1647 1296 1685 eou-

84 1726 292 1785 trudietorium.
310 1725 362 1783 sed
384 1724 528 1791 ubsolam,
542 1739 572 1782 et
595 1728 625 1784 in
645 1746 733 1784 sensu
755 1726 898 1784 diris0.'’²
938 1710 1116 1784 Libertatem
1143 1722 1221 1783 haud
1241 1722 1299 1782 tolli

85 1822 185 1881 diruto
197 1821 297 1881 dirim
318 1822 568 1883 determinatione.
583 1825 652 1894 quis
672 1834 693 1858 “
705 1842 764 1880 non
788 1824 882 1880 solum
906 1823 987 1880 Deus
1002 1843 1036 1880 ea
1051 1825 1150 1899 gratia
1174 1823 1251 1889 sacit,
1272 1829 1304 1878 ut

86 1919 219 1977 votum
242 1919 413 1981 memnii,
434 1918 486 1975 sed
508 1920 597 1975 etiam
612 1930 643 1974 ut
655 1920 817 1975 consentiat
830 1919 937 1984 libere;
960 1937 1079 1976 cumea
1098 1921 1137 1974 sit
1151 1918 1304 1975 voluntatis

87 2030 200 2073 ιιιιιιιι.
215 2030 247 2070 ιιι
260 2014 350 2070 libere
364 2014 393 2069 in
408 2032 477 2069 suos
492 2028 573 2070 uetus
587 2013 767 2089 erumpat’'³
808 2014 842 2071 ln
857 2033 892 2070 eo
906 2025 1000 2071 autem
1014 2034 1127 2072 suarna
1141 2015 1308 2072 Lutherana

90 2126 121 2167 et
133 2109 307 2166 coritiana
317 2109 497 2185 distinguunt
510 2113 694 2176 sententiam,
704 2111 780 2183 quod
795 2112 924 2169 voluntas
934 2111 1041 2169 haheat
1052 2111 1190 2189 aliquam
1203 2111 1309 2170 actini-

89 2214 180 2263 ratem
194 2220 224 2261 et
238 2222 305 2261 rere
325 2218 517 2279 eta-operetur.
561 2205 731 2282 Guzanigs
750 2210 838 2264 etiam
864 2227 921 2265 non
936 2219 1070 2284 gravatur
1090 2208 1174 2266 sateri
1196 2207 1309 2285 rigidos

89 2296 280 2355 Culriniuuos
300 2300 473 2354 recentiores
488 2300 528 2354 ita
540 2301 671 2357 emollire
685 2305 857 2360 sententiam
873 2305 997 2360 auctoris
1012 2315 1099 2360 sectae
1122 2315 1143 2340 ‘⁸
1156 2317 1188 2361 ut
1202 2306 1252 2361 vix
1273 2322 1309 2360 ae

90 2413 128 2454 nc
141 2394 190 2450 riu
204 2391 322 2466 quidem
336 2392 427 2450 ullum
441 2397 568 2469 supersit
583 2397 656 2452 inter
670 2417 723 2453 nos
746 2403 761 2472 (
768 2398 944 2457 Themistou
944 2399 960 2474 )
976 2419 1010 2458 ac
1024 2399 1090 2457 iilos
1106 2402 1136 2457 in
1151 2401 1206 2459 hac
1227 2411 1309 2478 parte

91 2488 293 2549 dmonen'e
332 2487 477 2546 Ceterum
491 2490 646 2567 benignius
661 2494 861 2570 interpretatus
875 2509 920 2552 cst
935 2515 1037 2553 eorum
1052 2510 1192 2554 mentem.

136 2592 200 2645 tot.
228 2587 412 2664 longissime
441 2606 456 2642 a
486 2587 721 2647 Calriuianorum
750 2594 852 2648 castris
880 2593 1073 2652 recedendum
1103 2596 1305 2652 existimantes

95 2685 300 2744 Molittistuoet
310 2684 503 2758 Congruistae.
516 2686 632 2756 aliique,
647 2690 802 2762 potentiam
813 2690 964 2745 resistendi
978 2691 1074 2765 gratiae
1088 2709 1147 2747 non
1164 2691 1306 2758 absolute,

95 2798 215 2843 tantuin,
231 2781 284 2838 sed
299 2798 328 2838 et
345 2779 465 2837 retroire
480 2782 513 2837 td
530 2786 685 2840 motionem
708 2788 771 2859 ejus
788 2788 933 2860 praeviam,
949 2806 984 2843 eo
1006 2789 1070 2862 ipso
1094 2799 1225 2863 tempore
1250 2809 1307 2860 quo

95 2878 225 2934 roluntts
255 2878 409 2935 consentit.
436 2875 591 2937 vindicant,
619 2899 674 2935 non
699 2879 775 2950 qttod
792 2900 951 2937 cottsensus
976 2893 1004 2938 et
1029 2883 1195 2939 resistentia
1220 2885 1307 2941 simul

97 2978 218 3031 existere
240 2988 356 3043 queam.
372 2971 423 3027 sed
450 2972 528 3042 quod
552 2976 684 3030 resistere
707 2978 839 3050 potuerit.
882 2978 1002 3034 Fusiore
1028 2980 1237 3036 sententiarum
1259 2999 1307 3036 ex-

98 3070 239 3145 positione
254 3069 375 3131 omissa,
392 3067 497 3142 dogma
514 3071 751 3144 propugnandum
767 3073 957 3147 aggredimur.

609 3261 794 3303 Pttoeostrto.

140 3393 263 3469 Dogrito
275 3392 353 3471 fidei
367 3401 420 3460 est,
436 3396 491 3453 stab
506 3398 609 3474 gratio
625 3400 731 3477 efficaci
747 3403 889 3462 intuamur
913 3425 1032 3464 strauere
1045 3407 1213 3468 libertatem
1234 3410 1311 3469 orbi·

102 3492 165 3556 tati,
180 3489 349 3567 irridentque
363 3490 530 3551 adsultatum
547 3494 649 3554 induci
663 3501 890 3557 iteressitotem.⁵

142 3589 295 3648 Probatur
309 3589 335 3647 1.
358 3608 394 3647 ec
412 3589 579 3667 Scriptura.

145 3693 212 3746 103.
236 3698 255 3721 ⁸⁸
267 3686 348 3742 Deus
362 3687 396 3742 ab
411 3688 492 3743 initio
507 3690 653 3746 constituit
665 3691 822 3759 hominem,
834 3706 862 3750 et
875 3695 991 3766 reliquit
1003 3695 1083 3751 illum
1099 3696 1128 3751 in
1145 3716 1232 3754 mann
1244 3715 1309 3754 con·

104 3788 161 3844 sili't
177 3786 232 3842 stri.
275 3783 390 3859 Adjeeit
403 3785 535 3842 matttlatn
550 3801 579 3843 et
600 3802 740 3863 praecepta
761 3811 831 3848 sua:
854 3794 879 3849 si
901 3794 1025 3851 volueris
1043 3794 1175 3850 mandata
1198 3813 1310 3852 servate

106 3884 313 3943 conservabunt
327 3894 364 3938 tc.
389 3924 396 3938 .
420 3925 427 3938 .
451 3924 458 3939 .
481 3884 626 3960 Apposuit
651 3888 701 3943 tibi
717 3907 820 3960 aquarn
835 3901 863 3946 et
886 3892 1003 3966 ignem;
1025 3890 1061 3947 ad
1082 3892 1159 3963 quod
1186 3883 1310 3949 uolueris

106 3981 219 4057 porrige
234 3996 349 4036 manum
365 3977 489 4034 ιιιιιιιι.”ὅ
510 3981 535 4036 Α
551 3981 714 4039 conditione
730 3983 854 4042 hominis
867 3987 1010 4061 primaria,
1023 3988 1208 4045 occasionem
1224 3989 1311 4046 sumit

311 4135 353 4199 (t)
372 4131 473 4182 Jansen.
482 4135 498 4183 1.
511 4135 551 4183 vii.
563 4153 584 4185 c.
596 4140 620 4183 5.

308 4222 345 4279 (2)
364 4216 506 4278 Guzanttiga
517 4218 547 4266 de
559 4219 652 4278 Gratia,
660 4236 683 4283 p.
696 4221 710 4268 i.
720 4222 778 4271 diss.
787 4240 810 4272 v.
819 4240 841 4274 c.
851 4243 873 4276 v.
885 4243 909 4276 n.
922 4230 979 4277 232.

306 4306 343 4366 (3)
361 4302 396 4350 lb.
408 4318 428 4350 c
440 4302 455 4349 i.
467 4317 492 4350 n.
506 4303 561 4350 103.

311 4391 353 4457 (d)
373 4388 407 4437 lb.
419 4387 476 4436 diss.
489 4387 522 4437 iii.
535 4405 555 4437 c.
566 4390 599 4438 iii.
613 4407 637 4439 n.
649 4392 690 4439 ts.

308 4478 346 4533 (5)
365 4473 445 4522 Verba
457 4489 488 4521 ex
500 4473 639 4538 Gezzeniga
651 4485 810 4541 mutuamur..

109 4580 232 4680 ἢ.
311 4561 353 4625 (a)
373 4559 501 4610 noenu.
515 4563 554 4610 tt.
