2730 5018
121 268 179 325 111
390 222 398 235 ’
458 261 742 324 uetuerimne
764 264 1005 329 1111111011.
1070 280 1074 285 ·
1156 224 1165 241 ’

161 423 231 478 312.
252 418 341 498 Reap.
365 419 460 479 Verba
473 419 607 497 Apostoli
622 439 754 496 magnam
769 421 873 481 habent
887 425 955 491 rim,
970 422 1127 497 ostendunt
1140 423 1218 483 enim
1230 442 1302 500 quarr-

120 526 218 594 topere
231 536 247 573 a
260 527 377 593 peceato
389 518 499 576 alienus
514 535 579 576 esse
591 516 692 576 debeat
706 518 929 577 Christifidelis:
953 531 973 557 ‘⁴
987 521 1016 579 in
1024 514 1083 579 hoe
1097 520 1238 581 manifesti
1247 537 1301 585 11111

120 612 173 671 11111
187 612 252 680 Dei,
270 622 298 669 et
317 612 370 671 tilii
391 611 514 670 diaboli:
544 613 639 670 omnis
661 614 710 686 qui
731 633 789 672 non
809 628 853 671 est
868 615 975 692 justus,
997 635 1056 674 non
1079 626 1124 674 est
1149 635 1189 674 ex
1210 614 1309 679 Dun-

121 709 206 776 Qnod
221 718 315 769 autem
330 708 366 766 de
381 708 517 786 apostatis
532 707 662 776 affirmat,
678 709 783 768 indicat
795 709 863 769 fidei
877 712 990 770 firmam
1004 712 1143 783 indolem,
1160 724 1191 781 et
1201 713 1301 775 adeatur

119 811 233 889 pietatis
245 811 314 878 rim,
329 828 387 883 qua
400 809 429 866 in
441 808 574 867 Ecclesia
588 819 791 868 conservantur
804 811 854 883 qui
875 829 940 869 vere
960 821 1028 869 sunt
1049 810 1217 879 Christiani,
1230 811 1299 873 nullia

120 909 322 968 tentationibus
336 906 508 965 subruendi.
533 907 639 973 “Quid
654 919 707 974 est,
722 926 831 980 quaeso,
847 927 905 967 non
919 918 999 966 erant
1011 927 1049 966 ex
1063 907 1171 966 nobisl
1210 906 1299 970 Nouae
1351 890 1355 921 ³

79 1064 82 1071 ,
120 1006 352 1072 'uendiderunt
367 1004 516 1081 eximpiis
533 1003 692 1080 justificati,
707 1012 800 1082 etper
819 1005 963 1063 lavacrum
989 1004 1212 1083 regenerationis
1234 1024 1302 1067 teno-
1340 1022 1343 1027 '

79 1110 90 1147 -’
122 1100 203 1163 istit
243 1100 303 1158 Sed
315 1101 341 1158 si
356 1099 467 1156 audiret
482 1099 540 1166 ille,
563 1099 611 1171 qni
632 1099 740 1157 sciebat
754 1100 853 1176 procul
868 1099 954 1158 dubio
969 1099 1047 1174 quod
1067 1099 1301 1179 dicebatraspoe·
1326 1130 1338 1143 ·

33 1240 39 1249 .
119 1194 190 1259 dero
203 1207 319 1276 posset:
342 1197 418 1254 Vera
431 1205 499 1253 sunt
512 1195 574 1254 haro
587 1197 704 1254 omnia:
727 1207 807 1255 erant
820 1216 856 1254 ex
872 1196 973 1266 nobis3
995 1216 1093 1256 verum
1109 1206 1205 1257 tarum
1218 1202 1301 1259 mma·

118 1290 188 1351 dnm
217 1293 300 1351 aliam
328 1291 530 1350 discretionem
560 1311 617 1350 uon
645 1303 726 1349 erant
751 1311 787 1350 er
803 1292 939 1351 nobis.”¹
977 1292 1020 1352 lta
1043 1292 1181 1370 praeclare
1205 1292 1300 1373 Augus

119 1388 207 1447 tinus.
645 1378 650 1391 ‘
1280 1394 1283 1399 '

160 1489 229 1543 313.
256 1481 367 1562 01].1.
389 1480 484 1540 Eleoti
505 1502 521 1539 a
542 1481 606 1539 Deo
630 1493 694 1539 ante
720 1484 952 1542 constitutionem
978 1482 1090 1552 mundi,
1104 1501 1165 1542 non
1185 1482 1301 1544 desinunt

119 1578 211 1655 diligi,
225 1579 292 1637 licet
306 1579 336 1636 iu
347 1585 498 1655 peecatum
514 1577 654 1644 labantur,
666 1595 716 1635 eos
731 1578 809 1636 enim
825 1579 854 1636 in
869 1578 988 1637 Christo
999 1578 1123 1636 Deusin
1136 1577 1302 1638 1111111111-

119 1675 205 1750 oepit.

158 1774 227 1828 314.
249 1767 338 1847 Beep.
362 1776 383 1804 ⁸⁴
395 1766 472 1825 Odio
486 1777 553 1826 suut
565 1767 633 1826 Deo
651 1769 758 1846 impius
772 1778 801 1827 et
814 1768 947 1846 impietae
961 1761 1024 1846 ejus
1034 1768 1081 1838 ;”⁸
1101 1768 1170 1827 idso
1182 1769 1242 1827 fieri
1255 1788 1300 1830 non

119 1876 214 1944 potest
224 1873 256 1923 ut
269 1865 357 1923 homo
372 1864 572 1940 peceatireus,
586 1865 669 1937 eique
690 1866 778 1923 animi
799 1865 901 1923 affeetu
922 1865 1081 1933 adhaerens,
1097 1864 1166 1924 odio
1181 1864 1245 1924 Deo
1257 1885 1302 1926 non

118 1952 183 2021 sits*
195 1959 349 2028 Quomodo
364 1971 457 2018 autem
473 1959 553 2017 Deus
565 1979 631 2017 eum
647 1961 762 2036 elegerit
778 1960 812 2018 ad
826 1961 958 2029 salutem,
970 1981 1026 2020 non
1042 1970 1087 2019 est
1100 1980 1177 2039 opus
1188 1959 1303 2030 definire,

118 2072 149 2118 ut
160 2078 205 2118 res
220 2059 258 2117 sit
269 2059 417 2136 explorata
430 2074 481 2114 eos
496 2057 562 2115 odio
576 2057 683 2125 haberi,
699 2059 833 2130 quamdiu
850 2071 965 2117 manent
980 2069 1099 2135 peccato
1115 2059 1254 2133 inquinati

407 2233 518 2291 Sucrro
533 2231 573 2293 11.
616 2231 664 2290 Da
679 2251 750 2291 11111
765 2252 879 2299 arsami
893 2252 1036 2294 11111111.

156 2403 225 2457 315.
248 2397 385 2456 Admisso
399 2407 517 2473 peccato
532 2396 617 2455 iidem
632 2398 725 2473 perire
738 2398 894 2457 lutherani
908 2379 1038 2459 nonnulli
1055 2397 1312 2467 osnsuemnttidu·

117 2496 191 2554 eiam
207 2493 317 2551 seilicet
330 2494 422 2550 venire
438 2511 488 2569 per
502 2491 649 2550 Christum
665 2493 763 2550 haberi
778 2512 835 2552 non
848 2513 945 2572 posse,
960 2514 1049 2568 quum
1064 2495 1130 2568 quis
1144 2495 1242 2554 seiens
1256 2512 1314 2572 pru·

117 2592 246 2665 densque
261 2589 388 2649 divinam
401 2589 489 2647 violet
501 2588 607 2664 legem,
622 2591 831 2649 existimarunt.
874 2591 1037 2650 calviniani
1051 2591 1140 2651 fidem
1154 2592 1249 2650 adhue
1263 2611 1314 2649 ma·

116 2686 184 2750 nere
200 2689 385 2752 affirmarunt,
400 2706 463 2759 qua
486 2687 597 2744 seilicet
622 2707 687 2745 vera
707 2688 809 2757 luerit3
825 2690 982 2749 fatebantur
1006 2691 1082 2749 enirn
1106 2690 1317 2766 contingerent

117 2788 213 2865 plures
228 2806 259 2843 se
273 2785 329 2843 fide
342 2784 475 2861 praeditos
487 2784 666 2851 crediderint,
682 2806 735 2843 suo
750 2786 861 2863 decepti
876 2790 990 2864 spiritu.
1034 2788 1180 2846 Catholici
1195 2800 1316 2845 econtra

117 2885 184 2943 fidei
201 2884 316 2940 nomine
339 2881 528 2956 intelligentes
558 2899 707 2938 assensum
735 2885 898 2941 veritatibus
919 2883 1060 2951 revelatis,
1076 2885 1221 2960 negabant
1234 2883 1317 2941 fidem

117 2980 279 3041 necessarii»
290 2977 359 3038 'oum
370 2978 481 3055 justitia
495 2978 583 3035 amitti
597 2998 606 3045 3
628 2981 757 3050 quamvis
773 3000 835 3038 earn
850 2982 940 3038 amitti
962 3001 1060 3058 posse,
1075 2979 1232 3057 rejiciendo
1246 2981 1320 3042 seili-

117 3089 163 3134 eet
177 3076 305 3133 divinum
321 3073 434 3145 aliquod
445 3073 558 3148 dogma,
572 3092 628 3129 non
641 3073 837 3133 diffiterentur.
867 3077 1029 3133 Tridentini
1040 3077 1140 3134 Patres
1152 3090 1318 3134 novatorum

90 3156 99 3163 ⁸
117 3173 253 3248 figmenta
267 3170 443 3226 anathemate
457 3169 681 3226 damnaverunt:
705 3180 724 3206 ‘⁴
737 3171 768 3227 Si
782 3173 846 3243 quis
861 3171 964 3230 dixerit
978 3173 1083 3230 amissa
1095 3191 1149 3248 per
1169 3182 1317 3248 peccatum

118 3270 216 3344 gratia,
232 3266 317 3323 simul
333 3275 361 3321 et
375 3264 459 3321 tidem
473 3283 585 3339 semper
602 3266 702 3331 amitti,
718 3268 874 3336 autfidem,
890 3289 952 3343 qnae
968 3281 1104 3337 remanet,
1120 3289 1180 3328 non
1194 3288 1259 3327 esse
1275 3287 1321 3326 re·

117 3384 176 3421 ram
192 3362 288 3429 fidem,
303 3362 370 3418 licet
385 3379 440 3417 non
457 3361 493 3417 sit
507 3363 587 3428 vivar
610 3374 657 3417 aut
667 3381 745 3431 eum,
759 3367 807 3437 qui
823 3367 909 3425 fidem
924 3369 986 3426 sine
1001 3369 1136 3426 charitate
1150 3368 1248 3436 habet,
1263 3386 1318 3425 non

118 3481 181 3519 esse
198 3460 386 3518 christianum
402 3459 552 3516 anathema
567 3459 649 3516 sit.'’⁴

626 3655 808 3696 PROPOSITIC.

160 3794 250 3851 Fiden
264 3811 333 3851 uera
347 3810 465 3850 moriere
477 3799 582 3868 potest,
599 3800 625 3851 et
640 3813 740 3872 reaper
754 3815 828 3874 sape
841 3805 952 3865 11111111,
967 3799 1082 3856 orniam
1097 3784 1326 3876 1111111111πί-

118 3891 162 3949 tio
182 3899 208 3948 et
218 3891 330 3968 gratio.
955 3879 962 3917 ³

160 3986 312 4044 Probatur
325 3984 350 4040 Ι.
363 4003 399 4042 en
412 3984 587 4062 Scripturir.

160 4087 228 4140 316.
251 4084 282 4138 S.
296 4083 402 4138 Paulus
423 4083 511 4138 dicit:
535 4093 553 4117 “
566 4084 596 4139 Si
611 4084 734 4140 habuero
750 4104 863 4142 omnem
887 4087 973 4145 fidem
996 4090 1035 4146 ita
1050 4100 1080 4145 ut
1097 4099 1210 4145 montes
1232 4095 1318 4144 trans·

454 4240 491 4295 (l)
510 4237 527 4284 1.
541 4238 604 4286 Joan
625 4238 658 4286 111.
675 4239 710 4285 10.

451 4322 486 4381 (2)
505 4321 533 4369 L.
546 4322 576 4371 de
588 4323 652 4371 dono
666 4339 756 4386 persev.
770 4342 790 4374 e.
806 4330 828 4374 8.

358 4464 363 4477 1
450 4405 491 4470 (3)
510 4406 566 4469 Sap.
579 4407 627 4455 xiv.
641 4409 664 4454 9.

451 4491 489 4556 (4)
509 4491 574 4540 Sese.
583 4491 615 4542 vi.
627 4509 681 4542 ean.
693 4493 778 4543 xxviii.
