2744 5024
314 295 372 357 nn
392 294 518 357 nonis
538 295 746 356 ornamus
766 266 1046 356 sracunrnus.
1226 296 1285 355 aar

78 451 151 509 anni
159 454 349 530 temporibus,
358 454 429 513 feria
442 464 551 527 quarta,
561 463 652 522 sexta,
667 464 696 513 et
709 454 843 522 sabbato,
853 434 1030 531 jijunamus,
1045 452 1081 511 ad
1095 451 1220 511 divinam
1232 452 1283 512 inr-

81 548 252 623 plorandam
263 569 362 628 opem,
374 562 406 610 ut
418 552 555 610 fructibus
573 562 653 623 terrae
668 551 860 619 benedicatur,
874 563 903 608 et
916 549 1013 608 idonei
1026 550 1129 609 dentur
1142 549 1286 609 nacione

82 645 220 714 ministri,
235 647 267 704 bi
279 649 358 706 eninr
377 659 587 707 consueverunt
605 649 641 706 iis
666 647 766 704 diebus
779 649 814 704 ad
839 665 936 705 sacros
964 648 1126 724 promoveri
1149 645 1284 714 ordines3

84 759 171 814 quam
191 756 319 802 sancum
334 743 581 812 cousuetudinem,
596 745 659 822 jam
673 744 780 802 seculo
801 742 902 816 quinto
916 743 1071 819 vigentem,
1085 743 1237 802 celebravit
1250 742 1284 801 S.

85 836 147 894 neo
158 838 220 896 M.¹
260 839 383 917 vigilias
404 841 540 899 festorum
555 841 676 906 dierum,
691 858 789 897 eorum
816 839 960 915 praecipue
974 840 1024 912 qui
1038 839 1158 898 Domini
1184 839 1285 899 Nostri

86 932 157 991 lesu
183 935 296 994 Christi
309 938 448 1013 mysteria
461 938 629 1014 respiciunt,
640 937 755 1014 jejunio
769 952 982 993 consecramus.
1025 936 1153 1013 Singulis
1178 936 1286 995 hebdo-

87 1029 218 1087 madibus
235 1030 308 1090 duos
322 1031 385 1090 dies
394 1012 508 1111 jejinio
520 1033 589 1091 olim
605 1033 793 1090 sanctificatos
804 1039 925 1097 constat,
939 1031 1038 1089 seriam
1053 1044 1163 1090 sextam
1178 1041 1208 1089 et
1217 1031 1289 1089 Sab-

88 1124 184 1182 batum
211 1127 324 1197 Rornae,
335 1128 425 1191 lorias
437 1138 565 1201 quartam
590 1138 620 1186 et
642 1137 756 1185 sertam
776 1126 921 1203 plerisque
945 1127 975 1185 in
992 1127 1134 1186 Ecclesiis
1148 1127 1288 1196 orientia,

88 1220 162 1278 sicut
171 1232 202 1278 et
212 1220 382 1293 Mediolani,
397 1234 426 1282 et
439 1225 469 1282 in
480 1224 614 1283 Africana
628 1224 771 1282 Ecclesia.
807 1224 987 1282 Abstinentia
999 1235 1108 1283 tantum
1122 1225 1192 1283 iuria
1206 1235 1288 1284 sexta

89 1325 117 1371 et
126 1315 250 1376 Sabbato
262 1338 338 1377 nnuc
347 1330 484 1387 servatur,
496 1319 612 1390 Sabbati
621 1320 706 1378 etiam
716 1318 892 1396 indulgentia
901 1321 1049 1380 nonnullis
1058 1321 1130 1379 locis
1139 1339 1287 1390 concessa,

88 1424 172 1486 prout
184 1415 259 1490 apud
272 1435 336 1484 uos,
346 1416 382 1475 ad
395 1427 509 1493 tempus
524 1415 666 1483 decennii,
679 1417 716 1472 ob
731 1433 832 1473 causas
846 1417 997 1491 speciales.
1039 1415 1223 1476 oxonienses
1237 1419 1288 1475 ali·

91 1525 145 1580 oue
158 1511 263 1569 eruditi
276 1512 429 1571 adversarii
444 1514 526 1572 nobis
547 1513 577 1571 in
592 1513 736 1589 plerisque
750 1511 786 1569 de
797 1513 885 1569 veteri
895 1512 1046 1590 jejunandi
1057 1513 1209 1590 disciplina
1222 1533 1302 1609 con-⁸

88 1607 241 1665 sentiunt.¹

128 1706 200 1764 522.
215 1706 327 1764 Carnes
336 1706 532 1782 jejunantibus
546 1705 615 1764 olim
637 1705 757 1763 omnino
777 1703 1025 1773 interdicebantur,
1040 1707 1115 1765 sicut
1128 1717 1157 1765 et
1179 1708 1288 1767 ιὶιιιιιιι.

90 1803 121 1859 S.
143 1803 271 1861 Basilius
288 1801 329 1859 de
350 1802 462 1878 jejunio
476 1801 631 1869 disserens,
647 1803 704 1859 ait:
727 1810 747 1836 ‘⁶
758 1798 869 1857 Carnes
884 1819 942 1859 non
956 1801 1029 1870 edis,
1044 1803 1140 1860 ariao
1149 1804 1288 1872 abstines,

92 1917 241 1975 vesperam
254 1908 389 1975 expectas
401 1908 432 1956 ut
444 1899 540 1956 cibum
553 1896 699 1956 sumas.‘’⁸
738 1897 770 1954 S.
787 1896 919 1974 cyrillus
933 1897 1217 1976 Hierosolymitanus
1232 1901 1290 1959 ait:

90 1995 293 2072 “Jejunamus
302 2004 332 2052 et
342 2012 358 2050 a
368 1996 437 2052 rino
447 1993 636 2067 carnibusque
645 1992 866 2051 abstinemus.'’⁴
885 1993 1038 2053 Siccseteri
1048 1993 1148 2054 Patres
1158 1975 1291 2072 ριιεείιιι.5

91 2091 175 2171 Apud
189 2092 350 2150 Orientales
365 2092 521 2168 praesertim
534 2109 637 2168 magna
650 2100 711 2148 erat
719 2091 869 2167 jejunandi
883 2093 1030 2159 severitas,
1042 2092 1171 2169 plerique
1183 2093 1260 2152 enim
1273 2112 1290 2151 a

90 2191 218 2270 piscibus
231 2191 361 2262 cinisque
371 2189 505 2247 omnibus
514 2188 724 2247 delicatioribus
735 2207 767 2246 se
778 2190 966 2249 abstinebant.
992 2190 1291 2268 Xerophagire'serva·

91 2289 192 2346 bantur
200 2286 373 2353 nonnullibi,
383 2284 505 2352 scilieet,
514 2285 609 2361 panis,
622 2284 675 2353 sal,
687 2302 717 2342 er
725 2300 800 2360 anua
808 2295 918 2346 tantum
929 2286 1221 2347 sumebanturdiebos
1229 2289 1292 2362 qni·

90 2384 210 2444 busdam
224 2384 341 2459 majoris
355 2380 543 2440 bebdomada
555 2393 620 2440 ante
635 2372 757 2444 Pascha.
798 2385 873 2442 Ante
886 2386 997 2443 tertiam
1012 2385 1111 2444 horam
1126 2395 1193 2462 post
1206 2387 1290 2446 meri·

90 2479 165 2539 dem
173 2479 247 2538 nihil
255 2471 394 2546 edebant3
410 2479 468 2536 imo
479 2479 510 2536 iu
519 2478 745 2556 Quadragesima
755 2479 791 2536 ad
801 2480 871 2538 solis
883 2499 975 2554 usque
983 2498 1118 2538 occasum
1127 2484 1291 2540 servabatur

88 2576 241 2654 jejunium.
277 2572 426 2634 Hodierna
437 2573 590 2650 disciplina
601 2573 673 2632 adeo
688 2585 732 2631 est
746 2575 873 2651 mitigata
886 2584 918 2632 ut
926 2576 1069 2651 jejunium
1082 2575 1194 2635 solvere
1205 2578 1290 2635 liceat

90 2671 208 2731 meridie
222 2669 397 2747 prandendo,
407 2682 436 2727 et
449 2686 567 2745 vespere
581 2667 832 2735 cenatiunculam,
847 2668 957 2726 scilicet
970 2687 1086 2744 parram
1099 2671 1287 2732 refectionem

86 2766 232 2845 sdjioem
253 2767 314 2824 imo
327 2775 356 2823 et
374 2784 458 2824 mane
472 2765 622 2822 consueuit
634 2763 769 2840 poculum
783 2764 831 2822 the
844 2782 895 2822 seu
910 2763 984 2822 calle
993 2784 1059 2823 cum
1070 2767 1153 2842 panis
1167 2768 1288 2827 faustulo
1341 2812 1344 2819 .

89 2866 176 2923 sumi.
219 2862 331 2922 Carnes
346 2863 431 2920 certis
445 2862 546 2921 diebus
560 2861 802 2938 Quadragesimae,
817 2880 855 2919 ex
873 2860 988 2919 Summi
1001 2862 1152 2921 Pontificis
1166 2865 1286 2934 indulto,

88 2962 122 3020 ab
128 2961 276 3039 episcopis
290 2959 485 3018 conceduntur
497 2956 691 3025 comedenda,
706 2969 735 3015 et
748 2957 809 3016 alie
824 2958 1177 3020 obtinentcousuetudines
1191 2981 1257 3036 quae
1270 2983 1288 3020 a

87 3069 215 3118 veterum
227 3058 376 3116 severitate
388 3056 472 3132 longe
486 3056 597 3113 absunt.
639 3054 756 3114 Utinam
772 3074 836 3129 que
849 3069 981 3132 superest
994 3055 1152 3134 discipline
1166 3061 1287 3121 sanctio·

85 3158 127 3215 ris
140 3149 281 3216 memoria
293 3155 384 3214 nimia
396 3163 492 3212 nostra
506 3151 682 3230 indulgentia
695 3170 754 3212 nou
768 3153 882 3230 penitus
896 3152 1037 3214 deleatur!

439 3354 550 3412 Securo
560 3353 615 3410 111.
656 3353 704 3410 Dn
719 3373 936 3416 amenosms.

128 3520 198 3574 5⁴23.
220 3511 426 3590 Eleemosynae
439 3509 511 3568 adeo
532 3510 562 3566 in
577 3507 665 3565 veteri
676 3516 705 3565 et
718 3526 793 3565 noro
804 3506 992 3568 instrumento
1005 3514 1243 3574 commendantur
1255 3528 1289 3576 ur

90 3616 125 3674 de
139 3616 176 3673 iis
198 3613 248 3670 vix
269 3609 376 3684 aliquid
390 3609 484 3667 dicere
497 3591 639 3683 opus‘sit.
680 3605 741 3664 Eas
755 3604 942 3682 intelligimus
957 3608 1085 3666 subsidia
1098 3628 1287 3685 quocumque

89 3697 310 3770 misericorditer
323 3715 438 3783 propter
452 3704 546 3762 Deum
560 3702 636 3770 data,
644 3711 677 3760 ut
684 3702 783 3759 alienae
797 3702 902 3778 inopiae
916 3705 1109 3763 subveniatur.
1151 3716 1172 3742 ‘⁶
1183 3707 1286 3766 Foene·

88 3818 164 3865 ratur
178 3807 253 3874 Deo,
268 3804 318 3878 qui
330 3803 477 3860 miseretur
490 3799 670 3877 pauperis,”⁸
684 3798 752 3857 dicit
764 3817 845 3857 sacer
858 3811 955 3858 auctor
974 3801 1039 3860 libri
1049 3801 1281 3863 Proverbiorum.

89 3902 193 3961 Daniel
218 3901 346 3959 hortatos
359 3907 404 3956 est
418 3895 735 3955 Nabuchodonosorem
749 3904 781 3952 ut
794 3895 928 3971 operibus
952 3897 1154 3956 misericordie
1169 3910 1288 3977 peccata

124 4076 165 4141 (l)
184 4070 313 4124 Sennrii.
331 4067 645 4136 dejejuniosepamensie
1290 4124 1303 4149 e

126 4161 168 4230 (t)
185 4157 337 4209 Vide'lbact
349 4157 389 4215 14,
402 4157 442 4212 18,
452 4156 494 4202 21.
528 4153 592 4204 Vide
602 4153 676 4204 etiam
692 4151 815 4202 eruditum
836 4150 1031 4203 Albanillutler
1041 4168 1104 4220 opus
1115 4154 1226 4208 “lim
1242 4158 1292 4210 md

92 4244 187 4296 pm„

126 4333 167 4395 (3)
187 4329 263 4378 Ηοιιι.
278 4329 300 4373 l.
312 4325 343 4373 de
351 4325 453 4390 jejunio.

126 4415 170 4479 (4)
187 4409 317 4462 Cateobeei
327 4409 360 4458 iv.
371 4405 480 4459 illumin.

125 4498 165 4560 (b)
185 4493 249 4543 Vide
257 4491 322 4556 apud
334 4491 485 4553 fflrdagoam
492 4489 580 4540 'l'bcol
589 4489 678 4552 Dogm.
687 4474 782 4541 Poleni.
792 4497 809 4548 t-
822 4488 961 4549 insistit,
967 4486 1052 4548 Coun.
1060 4491 1102 4543 sii.
1111 4507 1139 4546 ῃ,
1145 4495 1291 4550 miii,

126 4579 169 4646 (ll)
188 4577 260 4628 Pron.
271 4575 323 4626 xix.
338 4577 377 4624 17.
