2730 5018
114 250 170 311 10⁰
363 195 368 203 ·
440 249 497 310 DE
518 245 758 308 transmund
778 238 976 304 JEANNIS.

112 405 226 465 divinus
241 405 318 472 Patri
332 417 361 463 et
375 405 451 463 Filio
471 405 600 477 equalis,
622 401 846 460 sed-substantia
859 399 967 476 Spiritu
981 395 1142 456 etmateria
1163 398 1302 451 consum

112 513 142 560 et
154 512 220 561 ante
233 501 372 561 muudum
393 505 510 559 creata.²
550 500 611 575 Ipsi
626 498 679 572 qui
691 516 794 574 magne
807 496 903 555 studio
923 496 1083 553 laborarunt
1095 501 1127 551 ut
1138 508 1209 549 eum
1222 485 1315 545 ehris·

112 598 181 657 tiam
191 598 332 676 dogmatis
345 609 489 657 auctorem
501 596 692 663 ostenderent,
705 595 772 652 lassi
784 604 851 652 sunt
860 593 924 669 ejus
935 592 1039 669 placita
1045 609 1105 650 non
1114 582 1321 648 omnino·doe·'

113 695 192 752 trina
204 704 307 753 nostra
319 712 384 752 esse
393 691 561 760 conformia,
571 691 756 754 sed'similiar
771 699 910 762 quatenus
925 688 972 746 ille
986 705 1024 745 ex
1035 682 1236 758 antiquissima
1247 695 1316 754 gen·

112 789 169 846 eris
183 788 303 846 humani
318 787 477 854 traditione,
493 787 538 844 vel
552 805 588 844 ex
602 785 767 844 Judaorum
782 784 861 841 libris
875 800 1007 841 mannum
1022 779 1092 839 sslnd
1105 777 1256 853 colligere,
1268 771 1312 829 vel

113 883 253 959 suspicari
267 883 384 958 potnit,⁸
424 881 483 940 Sed
497 880 600 939 melius
614 881 686 939 inter
701 879 813 937 somnia
825 878 972 954 reponitur
985 884 1043 933 tota
1066 871 1199 932 trinitatis
1219 867 1313 928 Plato·

113 977 185 1037 sicae
200 976 296 1035 notio.

325 1444 466 1547 CEPUT
487 1445 544 1503 IV.
583 1444 640 1502 DE
661 1440 901 1501 VERSICULO
921 1438 1110 1499 JOANNIS.
1155 1522 1158 1527 ι

161 1625 217 1680 lut
238 1619 284 1677 De
299 1619 446 1676 authentia
459 1618 615 1676 testimonii
629 1636 666 1676 ex
676 1618 798 1694 epistola
807 1616 928 1675 loannis
943 1613 1098 1691 desumpti,
1109 1629 1168 1684 qno
1181 1609 1217 1669 ad
1231 1609 1314 1669 trium

123 1734 310 1792 personarum
333 1714 546 1772 distinctionem
567 1726 595 1771 et
615 1715 752 1772 unitatem
775 1712 947 1789 probandam
969 1712 1015 1769 usi
1036 1727 1148 1776 sumus,
1163 1705 1316 1783 specialius

120 1811 262 1888 agendum
283 1828 453 1869 censemus:
477 1809 546 1869 illud
560 1810 636 1867 enim
652 1829 769 1886 prorsus
783 1811 916 1886 rejiciunt
929 1808 1054 1867 Unitarii
1068 1816 1097 1866 et
1110 1803 1317 1869 Rationalistur,

119 1906 340 1964 assentientibus
354 1905 441 1963 etiam
455 1904 530 1962 hand
545 1905 643 1980 paucis
664 1906 738 1962 inter
758 1905 952 1962 Protestantes
967 1903 1017 1976 qni
1037 1900 1207 1978 mysterium
1222 1896 1320 1957 Triui-

120 2002 185 2058 tatis
199 2011 369 2077 agnoscunt,
384 1999 529 2057 nonnullis
544 1998 678 2056 herendo
692 1999 902 2074 prodentibus.⁸
941 1998 990 2055 Ex
1005 1995 1164 2055 Catholicis
1178 1991 1319 2052 Ricardus

120 2097 234 2164 Simon,
249 2096 414 2154 mmeritatis
433 2095 603 2170 opinionum
623 2094 829 2162 notatissimus,
853 2093 922 2152 illud
935 2092 1128 2151 authenticum
1149 2109 1215 2149 esse
1235 2107 1323 2166 nega·

119 2191 178 2258 vit;
200 2189 252 2248 sed
272 2200 330 2248 tota
350 2189 564 2266 Theologomm
586 2190 664 2248 natio
684 2200 782 2248 oontrs
802 2189 914 2248 sentit.⁴
952 2187 998 2246 De
1012 2207 1048 2247 eo
1062 2187 1172 2247 nullum
1193 2185 1323 2263 speciale

120 2284 261 2344 Ecclesia
286 2284 430 2341 decretum
451 2283 588 2342 hactenus
603 2283 724 2360 prodiit:
746 2284 797 2344 sed
812 2283 936 2360 Vulgata
956 2284 1167 2360 seripturarum
1186 2280 1324 2355 versione

119 2381 290 2446 continetur,
305 2380 471 2437 solemniter
484 2379 587 2457 legitur
600 2376 631 2439 in
645 2382 749 2448 Missa,
759 2379 882 2453 ideoque
895 2381 1039 2439 inclusum
1052 2376 1325 2439 censeturwriden-

120 2475 181 2537 tino
194 2472 308 2533 decreto
322 2490 380 2546 qno
393 2473 482 2532 libros
496 2492 592 2532 sacros
604 2494 669 2534 cum
684 2474 805 2551 singulis
823 2475 884 2532 suis
898 2475 1026 2550 partibus
1040 2473 1174 2551 amplecti
1184 2473 1325 2550 jubemur

120 2570 174 2628 sub
188 2568 374 2627 anathematis
390 2587 488 2644 pinna.
528 2570 673 2642 “Siquis
688 2580 783 2629 autem
796 2571 885 2628 libros
900 2570 980 2646 ipsos
1001 2571 1128 2647 integros
1149 2587 1217 2629 cum
1230 2568 1332 2628 omui-2

47 2668 51 2679 “
120 2666 174 2723 hus
189 2665 249 2723 suis
264 2665 400 2742 partibus,
416 2675 500 2742 prout
512 2665 541 2723 in
553 2666 688 2724 Ecclesia
699 2666 838 2724 catholica
847 2666 905 2743 legi
917 2675 1136 2734 consueverunt,
1146 2676 1175 2724 et
1188 2666 1220 2725 in
1233 2664 1326 2735 vetari

122 2762 235 2837 vulgata
249 2760 373 2818 editione
393 2760 541 2829 habentur,
556 2780 609 2838 pro
621 2763 708 2819 sacris
723 2771 751 2819 at
765 2762 909 2820 canonicis
921 2781 979 2820 uon
990 2762 1158 2838 susceperit,
1173 2761 1326 2820 anathema

120 2854 206 2913 ait.”⁵
227 2855 301 2911 Sunt
314 2855 373 2926 qui,
389 2853 558 2912 Tridentina
572 2857 734 2913 auctoritate
749 2857 819 2924 noti,
832 2856 1038 2924 extrinsecum,
1051 2857 1189 2924 udaium,
1205 2855 1325 2913 authen·

121 2950 200 3015 tiam,
216 2969 252 3008 ex
267 2951 406 3008 Ecclesiae
421 2950 531 3008 scilicet
544 2970 597 3008 usu
613 2962 641 3008 et
654 2952 818 3027 probatione
833 2951 997 3019 derivatam,
1010 2953 1037 3010 ei
1052 2951 1214 3010 necessarid
1237 2953 1326 3015 tribu·¹

122 3045 224 3101 endam
240 3046 422 3102 existimant:
451 3045 572 3102 liberum
587 3047 712 3118 alioquin
734 3058 884 3105 censentes
899 3048 934 3106 de
947 3050 1010 3124 ejus
1024 3047 1186 3106 intrinseca
1206 3048 1327 3106 authen·

122 3139 170 3205 tia,
186 3149 279 3196 utrum
294 3141 402 3196 scilicet
417 3140 445 3196 iu
460 3139 580 3197 Joannis
595 3142 771 3217 autographo
786 3143 880 3211 fuerit,
899 3143 1066 3219 judi-cium.⁸
1107 3142 1251 3201 Ceterum
1265 3161 1325 3202 uon

123 3234 186 3292 hac
202 3234 284 3292 uobis
298 3234 401 3291 arridet
421 3235 585 3293 distinctio:
608 3238 757 3294 nonenim
773 3238 906 3296 Ecclesia
920 3239 1099 3298 decernendo
1119 3240 1192 3296 velle
1214 3239 1327 3297 ridebas

121 3339 266 3386 externam
282 3328 433 3400 quamdam
449 3332 506 3387 vim
522 3331 597 3405 apud
618 3331 717 3389 fideles
729 3334 817 3389 sacris
833 3334 946 3409 scriptis
961 3335 1093 3402 tribuere,
1109 3335 1166 3392 nisi
1181 3345 1326 3406 quatenus

122 3423 250 3500 agnoscit
264 3433 292 3479 et
305 3422 427 3481 declarat
440 3425 476 3481 iis
491 3425 590 3482 inesse·
607 3425 788 3483 intrinsecam
805 3427 862 3484 vim
875 3447 892 3484 a
906 3427 1014 3504 Spiritu
1030 3427 1136 3486 Sancto
1158 3427 1331 3486 derivatam.

122 3517 256 3593 Seposita
269 3528 361 3576 autem
374 3519 627 3595 impresentiarum
642 3520 781 3578 Ecclesiae
794 3522 967 3590 auctoritate,
984 3540 1047 3594 quoe
1062 3521 1137 3599 apud
1152 3521 1327 3581 Rationalis-

122 3624 164 3671 tns
179 3626 207 3671 et
222 3614 367 3673 Unitarios
382 3614 508 3682 floccifit,
521 3633 554 3673 ea
566 3615 689 3673 breviter
703 3617 913 3692 perpendemus
928 3628 1072 3679 momenta
1093 3635 1156 3696 qua
1172 3617 1207 3674 ad
1228 3635 1333 3681 retum

123 3709 199 3768 illius
212 3709 269 3767 loci
283 3709 434 3768 lectionem
450 3709 674 3787 dignoscendam
687 3711 816 3776 valeant,

156 3904 193 3964 (l)
212 3901 275 3952 Vide
287 3901 455 3952 Dictionnaire
465 3903 496 3953 de
507 3903 643 3967 Theologie
654 3922 697 3970 par
707 3905 815 3967 Bergier,
832 3914 878 3955 art.
890 3903 994 3956 Trinius.

157 3990 194 4048 (2)
212 3986 293 4036 Kidd:
311 3994 325 4018 ‘⁴
335 3987 408 4037 With
425 4004 453 4038 aa
465 3989 540 4038 much
558 4005 675 4054 acauracy
692 4007 719 4039 as
737 3989 809 4039 could
826 3992 856 4039 be
873 3990 998 4054 expected,
1010 3989 1042 4040 all
1059 3986 1144 4053 things
1160 3987 1338 4052 semideos*

124 4087 147 4147 P·
157 4072 307 4215 (iioiioms,
319 4151 600 4210 introducebantur
612 4169 637 4218 p.
648 4155 673 4203 li.
684 4155 723 4203 ch.
735 4152 768 4202 iv.
802 4153 946 4205 Bloomlisld
959 4154 986 4205 in
1003 4156 1095 4208 locum.

159 4239 201 4303 (4)
221 4238 282 4299 llug
293 4253 344 4286 uon
355 4252 426 4287 suam
437 4237 517 4301 prodit
525 4246 640 4287 mentem.
674 4237 831 4306 Einlec'tung
841 4239 859 4288 ii
868 4239 903 4289 th.
912 4242 935 4289 8.
948 4240 973 4290 h.
986 4245 1000 4301 ξ
1016 4245 1072 4300 Ιῧῧ,
1083 4250 1135 4298 not,

177 4324 192 4368 5
225 4323 291 4373 Sess.
303 4321 335 4371 iv.

155 4323 205 4466 ((6))
212 4406 373 4458 Dissertation
384 4423 427 4457 sur
435 4404 459 4457 lo
467 4406 567 4458 laniem
577 4422 679 4472 passage
690 4409 721 4460 de
732 4409 841 4472 adesa,
852 4408 923 4463 Billa
931 4408 961 4462 de
977 4410 1061 4471 Venae,
1071 4411 1121 4463 vols
1131 4409 1256 4466 nithart,
1266 4410 1332 4479 ilip-

124 4490 183 4537 542.
