2744 5024
429 86 931 195 unuuccruoourorms.
1241 138 1285 225 ,o

77 286 186 350 mortni
199 297 289 349 route
309 298 340 348 et
352 308 405 368 pro
417 288 551 351 omnious
567 298 694 347 mortuus
708 286 921 349 octobrium.
943 291 1080 365 uterqui
1093 290 1204 358 vivunt,
1222 293 1284 369 jam

80 388 211 447 nonsibi
224 388 332 456 rirant,
348 386 439 446 sed
414 405 440 444 er
455 387 505 460 qui
519 398 572 463 pro
584 385 657 462 ipris
669 396 798 444 mortuus
809 395 863 455 cst,
875 396 904 445 et
913 386 1077 447 recurrerit
1081 386 1113 422 ”¹
1134 388 1182 447 Ex
1194 398 1285 449 morto
1312 384 1342 459 {l

83 490 169 558 quarn
191 482 331 547 Christus
351 503 403 560 pro
425 484 559 542 omnibus
580 481 678 550 subiit,-
699 482 797 541 insert
789 502 906 541 omnes
929 496 1055 544 mortuos
1078 484 1177 554 luisse,
1200 485 1285 544 delic-

84 581 120 639 ri·
133 579 245 653 utique,
255 580 341 656 juxta
354 579 423 640 illud
438 579 631 656 principium:
653 578 733 636 “rix
746 579 893 655 euimpro
904 581 984 656 justo
994 580 1060 653 quis
1071 572 1207 639 moritur:
1230 584 1247 620 ⁴*
1268 585 1285 618 *

85 675 268 751 commendat
280 685 376 733 autem
390 674 565 753 charitatem
576 690 658 731 auaur
681 671 808 731 Deua-iu
821 674 926 732 uobis:
949 675 1084 748 quoniam
1106 694 1170 733 cum
1192 675 1285 733 adhuc

81 754 395 847 'mauors-ememus
408 767 706 844 secundum-lomprrr,
721 765 868 825 Christus
878 787 930 844 pro
944 770 1039 827 uobis·
1049 779 1179 827 mortuus
1194 764 1286 828 rst.⁴’⁹

89 864 223 924 Universi
236 866 324 943 igitur
335 873 500 942 peccatores
515 862 655 939 eeiujusti
676 860 844 931 cremaret
864 863 975 922 delictis
997 865 1117 923 mortui:
1149 866 1171 918 ei
1182 864 1217 928 εἲς
1226 882 1285 934 emp

86 958 181 1017 κᾶν
197 958 332 1024 deleme,
341 963 385 1031 Epo
394 958 421 1014 a?
430 957 519 1021 πάντες
528 959 661 1014 ἀπέθυον.
677 992 680 997 ·

128 1058 196 1115 too.
218 1054 267 1113 Ad
292 1055 441 1131 Ephesios
459 1054 683 1124 autemdicit
702 1073 754 1114 eoa
773 1054 843 1117 olii‘n
865 1056 1103 1117 mortuos··iuiere
1128 1054 1238 1113 delictis
1259 1064 1288 1112 et

90 1152 224 1230 pecatis,
238 1172 292 1236 nec
307 1153 404 1211 abnuit
415 1152 435 1210 J
437 1150 534 1209 udaeos
549 1152 635 1212 etiam
650 1153 850 1230 cupiditatibus
866 1154 1038 1213 inseruisse:
1063 1154 1243 1226 “inquibus
1259 1162 1288 1210 et

92 1268 141 1309 nor
154 1255 261 1309 omnes
267 1248 591 1331 aliquuudd'cpnverrati
600 1251 740 1309 sumusin
755 1250 904 1308 desideriis
916 1252 1009 1311 omnis
1021 1260 1136 1331 nostru,
1151 1250 1287 1309 iacientes

93 1346 263 1406 uoluntatem
286 1343 379 1405 carnia
402 1356 432 1405 et
455 1346 670 1423 cogitationum,
685 1355 714 1403 et
737 1365 850 1404 eramus
875 1358 975 1405 natura
997 1347 1048 1404 lilii
1075 1346 1134 1412 irae,
1156 1346 1233 1404 siout
1259 1355 1288 1402 et

93 1440 231 1501 poterim
271 1442 578 1512 ipurrmpv‘rrr’rpyis·
620 1441 748 1499 Vitiaex
763 1442 858 1500 innata
873 1442 995 1515 quadam
1010 1441 1045 1499 ad
1060 1452 1209 1517 peccatum
1224 1459 1288 1516 pro·

94 1536 212 1596 cliritals
227 1537 305 1605 oriri,
319 1537 472 1596 manifesto
489 1536 606 1604 indicat,
622 1536 755 1594 homines
779 1538 890 1596 scilicet
910 1539 1031 1597 naturali
1052 1555 1105 1594 sua
1125 1536 1288 1595 conditione

95 1643 156 1692 sunt
168 1635 213 1692 ira
226 1634 316 1710 digni,
331 1634 408 1692 etad
425 1635 491 1691 vitia
512 1634 664 1710 proclives.
707 1633 776 1690 Vim
799 1635 892 1691 verbis
906 1635 991 1691 infert
1011 1633 1215 1691 Rosenmr'rller
1229 1633 1290 1690 alii·

96 1749 155 1804 que,
169 1754 249 1807 perr„
263 1730 560 1796 adconsuetudinem,
577 1747 641 1801 quae
655 1729 688 1785 fit
701 1728 911 1793 altera-natura,-
926 1729 1091 1786 relerentes.

133 1830 198 1885 luo.
213 1823 375 1884 Probatur
388 1824 432 1882 ΙΙ.
448 1842 485 1883 cx
505 1821 824 1882 Vereri-Terramenm
862 1821 1051 1899 originariam
1067 1839 1189 1888 noxam,
1205 1840 1289 1893 quam

97 1923 214 1996 quisque
228 1941 266 1980 ex
280 1921 351 1980 Adae
372 1921 495 1997 posteris
507 1918 661 1990 contrahit,
679 1919 733 1976 alte
749 1919 897 1994 professus
912 1930 956 1977 ert
970 1918 1093 1985 Psalmo,
1108 1935 1172 1974 eam
1194 1918 1230 1975 ad
1250 1918 1291 1978 di-

98 2018 186 2076 vinam
214 2016 439 2075 misericordiam
467 2012 675 2073 conciliandam
704 2014 849 2091 allegans;
878 2015 985 2092 quippe
1007 2015 1056 2087 qui
1086 2016 1114 2072 in
1141 2015 1290 2092 flagitium,

98 2114 270 2190 impellente*
286 2132 373 2190 prava
398 2111 551 2187 cupiditate
579 2110 645 2168 inde
674 2120 744 2178 orta,
773 2111 871 2187 lapsus
900 2121 976 2169 erat:
1015 2113 1124 2172 “Ecce
1156 2114 1233 2172 euim
1261 2113 1290 2170 iu

98 2209 289 2283 iniquitatibus
318 2218 485 2284 conceptus·
499 2225 574 2272 sum,
589 2206 828 2282 ‘'et·in·peocatis
853 2207 984 2282 concepit
1011 2225 1057 2265 me
1081 2219 1168 2266 mater
1195 2207 1290 2267 urea.’'

98 2303 163 2406 imp
180 2317 319 2415 0in
331 2305 470 2414 Qus
497 2288 643 2413 'ruffin
665 2306 825 2412 pipp-w
857 2304 924 2380 lpse
948 2303 1156 2364 Rouenmuller
1177 2324 1293 2364 versum

98 2442 169 2501 hunc
182 2442 226 2500 sic
240 2442 377 2519 exponit:
400 2451 420 2478 ‘⁸
432 2440 485 2499 En
493 2442 506 2498 l
519 2458 576 2518 ego
591 2458 659 2498 cum
679 2439 839 2516 iniquitate
859 2439 1075 2516 gemituosum,
1090 2442 1181 2498 haeret
1194 2441 1224 2500 iu
1246 2460 1294 2498 na·

99 2548 153 2596 tura
168 2548 227 2596 tota
251 2555 323 2605 urea,
341 2538 403 2614 jam
426 2536 493 2595 inde
507 2537 542 2595 ab
557 2536 617 2595 ortu
636 2554 712 2602 meo,
727 2545 773 2591 est
792 2535 887 2591 innata
909 2535 980 2591 mihi
1001 2536 1137 2610 pravitas.
1180 2536 1293 2602 Quibus

100 2635 189 2693 rerbis
198 2634 328 2711 judicem
343 2633 380 2691 ad
392 2633 616 2693 misericordiam
631 2633 744 2689 flectere
759 2629 863 2696 studet,
876 2629 1101 2705 ignoscendique
1116 2633 1226 2705 peccati
1238 2632 1294 2698 sui,

99 2731 121 2787 si
132 2749 169 2789 ex
184 2730 317 2802 aequitate
333 2741 361 2788 et
381 2730 536 2794 clementia
545 2730 682 2806 judicare
704 2727 780 2793 velit,
796 2724 928 2782 nonnihil
949 2724 1050 2781 adesse
1072 2743 1164 2782 causae
1180 2727 1295 2794 asserit,

101 2826 170 2900 quod
186 2826 292 2885 infecta
306 2844 358 2903 per
371 2827 490 2903 originis
505 2828 605 2885 vitium
621 2838 719 2882 natura
733 2821 790 2881 uon
805 2823 907 2880 mirum
923 2832 976 2889 cst,
996 2822 1020 2879 si
1036 2833 1151 2898 peccata
1164 2823 1218 2880 alia
1232 2843 1297 2900 pro·

101 2924 164 2984 ierat
176 2923 408 3001 acgermiueti
428 2925 446 2958 ¹*
465 2926 483 2959 ³*
503 2923 779 3001 Praefixumqjflante
794 2922 936 3023 pirpnon
957 2918 1074 2996 respicit
1094 2919 1296 2995 parturientem
1341 2962 1344 2967 -

103 3052 234 3108 matrem,
243 3039 295 3097 sed
316 3039 444 3099 sobolem
467 3051 546 3115 partu
567 3039 682 3106 editam,
698 3058 761 3112 quae
782 3058 848 3097 cum
874 3049 1003 3115 peccato,
1018 3038 1079 3094 sire
1100 3048 1218 3114 peccato
1234 3039 1296 3116 jam

104 3137 356 3198 iniectam-lucem
369 3135 494 3193 editur.”
516 3138 532 3171 *
553 3139 570 3172 *
590 3139 607 3172 *
628 3135 707 3195 Dicit
720 3137 814 3208 itaque
830 3146 919 3203 rates,
935 3153 967 3192 se
982 3144 1057 3191 tuuc,
1070 3135 1259 3208 etiamquum
1280 3154 1297 3193 a

105 3247 185 3295 matre
197 3235 407 3311 conciperetur,
418 3242 555 3305 uteroque
564 3243 729 3308 gestaretur,
737 3243 853 3309 peccato
864 3231 1193 3300 suisreinsecrum;.lrine
1202 3244 1297 3292 auteur

106 3351 211 3408 cquunr
224 3350 301 3400 esse,
316 3343 417 3388 utnon
431 3349 545 3388 summo
555 3330 631 3406 jure,
646 3330 860 3389 sedelementsr
872 3348 971 3387 secum
985 3328 1068 3386 Deus
1074 3339 1154 3405 agat,
1167 3330 1298 3402 iniquita·

107 3440 215 3504 temque
230 3447 325 3495 suam,
340 3446 398 3485 nou
420 3439 475 3491 tam
496 3425 626 3483 admissi
633 3429 771 3496 sceleris,
776 3445 871 3500 quam
885 3424 1057 3483 infirmitatis
1078 3425 1182 3482 innata
1204 3426 1345 3545 habiturn

107 3528 218 3594 ratione,
242 3524 370 3582 relaxet)
374 3523 396 3562 ’⁴
1323 3534 1328 3541 ·
1353 3532 1356 3537 '

145 3627 209 3682 108
232 3623 290 3680 Job
305 3621 392 3678 simili
407 3620 514 3677 ratione
531 3619 624 3696 Deum
640 3621 763 3682 flectere
767 3620 884 3679 studuit
912 3629 1032 3720 mn
1052 3621 1158 3722 Ἣῃφ
1178 3628 1257 3717 pm-
1259 3630 1300 3713 m

110 3749 186 3844 'tritt
199 3727 337 3822 &illm
341 3737 436 3809 ’(Με
451 3736 532 3796 dudit
540 3756 655 3814 purum
670 3755 706 3795 ea
721 3735 886 3804 immundo,
902 3755 944 3794 sc
960 3737 1077 3792 homine
1091 3749 1188 3793 uatum
1209 3740 1225 3773 ⁴*
1246 3742 1263 3775 *
1285 3745 1300 3774 r

335 4268 504 4365 inlocum
520 4244 627 4318 Perrone
635 4265 1078 4336 hacZuiugliunorousudiciputat.
1127 4282 1148 4315 ὑ
1236 4316 1245 4335 ,
