2730 5018
409 281 485 371 'DE
503 281 523 341 J
528 281 670 340 US'I'INI
691 282 948 341 SENTENTIA.
1243 281 1302 337 135

74 440 112 485 at
131 430 294 495 Christum
308 437 475 513 magistrum
488 456 522 495 ac
536 436 686 496 dominum
700 457 865 514 agnoscere.
879 460 887 472 ·
908 438 1049 513 Dialogus
1069 434 1118 495 ille
1132 452 1302 495 monumen·

78 536 151 586 turn
173 543 225 590 est
246 534 360 610 insigna
379 533 467 603 fidei;
490 543 519 591 ct
541 536 672 606 quamvis
696 553 770 610 opus
788 555 844 594 non
859 537 897 593 sit
910 546 941 593 ut
961 534 1073 610 singula
1087 550 1150 606 quac
1170 532 1303 608 allegavit

79 620 230 683 lustinus
244 638 412 705 argumenta
425 630 490 703 quis
505 631 615 705 probet,
631 631 729 705 ipsum
744 630 860 707 dogma,
876 640 973 708 utpote
988 630 1017 688 in
1031 638 1089 687 tota
1109 627 1243 687 Ecclesia
1256 645 1302 684 ce·

81 714 247 791 lebratum,
261 724 425 783 trecessarid
439 723 571 800 amplecti
587 724 735 784 debemus.

598 916 808 963 OMEGTIONES.

138 1052 210 1107 195.
234 1048 304 1129 otj.
324 1056 351 1110 1.
372 1060 396 1107 ο
406 1054 484 1124 Λόγος
496 1072 548 1111 seu
561 1054 656 1111 radius
669 1054 782 1113 divinus
794 1056 904 1113 homini
915 1056 986 1114 Jesu
998 1065 1159 1114 constanter
1169 1056 1304 1132 conjunc-

98 1154 152 1210 tus,
167 1163 234 1216 quo
243 1157 329 1223 pacto
344 1149 425 1207 Deus
437 1160 465 1206 et
478 1150 566 1208 homo
580 1150 655 1208 effici
675 1150 850 1219 credebatur,
864 1152 947 1209 Patre
959 1163 1053 1209 tamen
1069 1152 1153 1228 longe
1175 1152 1301 1216 inferior,

99 1240 170 1296 sicut
182 1240 282 1298 radius
297 1243 359 1301 sole
373 1245 490 1303 inferior
501 1257 555 1313 est,
568 1246 597 1303 in
608 1246 627 1303 J
630 1247 716 1304 ustini
726 1248 840 1323 scriptis
851 1249 976 1323 primum
988 1248 1149 1323 reperitur.²
1169 1245 1303 1305 Modeste

101 1350 201 1405 amen,
214 1348 244 1395 et
259 1340 336 1398 nulla
349 1341 474 1399 adversa
480 1344 635 1400 sententias
650 1344 744 1401 inusta
757 1343 977 1412 nominemus
992 1361 1026 1400 ea
1040 1343 1199 1421 proposuit,
1211 1343 1302 1400 fatens

102 1450 156 1489 non
169 1451 276 1491 omues
288 1434 471 1495 Christianos
483 1456 580 1496 secum
595 1440 709 1496 sentire.

139 1533 205 1587 196.
227 1518 322 1609 Resp.=
342 1533 378 1591 ln
392 1534 512 1593 Joannis
528 1535 689 1613 Evangelio
714 1543 818 1608 ὁΛογος
838 1546 1087 1606 commemoratur,
1109 1556 1166 1595 non
1186 1534 1304 1609 quidem

102 1624 167 1682 radii
181 1628 238 1684 sub
247 1628 391 1709 imagine,
407 1630 457 1688 sed
472 1632 557 1688 veluti
571 1632 624 1689 lux
636 1652 701 1689 vera
715 1652 778 1705 quas
793 1652 908 1691 omnem
924 1634 1071 1692 hominem
1085 1652 1138 1690 suo
1149 1633 1258 1711 fulgore
1273 1632 1304 1690 il·

101 1722 204 1779 lustrat.
249 1724 317 1801 lpse
335 1726 468 1786 ,lustinus
483 1729 531 1801 qui
553 1729 644 1786 fusius
659 1729 794 1787 disseruit
814 1730 849 1788 de
871 1730 999 1798 Christo,
1024 1730 1115 1789 obiter
1136 1740 1254 1798 tantum,
1276 1726 1305 1786 et

100 1836 153 1874 una
164 1818 212 1875 vel
228 1819 318 1877 altera
332 1822 404 1889 vice,
420 1823 500 1881 radio
514 1842 580 1882 cum
594 1806 747 1892 adsimilat,
763 1844 821 1883 non
836 1825 953 1898 quidem
968 1835 1000 1882 ut
1013 1823 1144 1883 ostendat
1158 1824 1303 1897 quomodo

100 1913 183 1971 homo
197 1914 291 1997 ,lesus
305 1918 387 1977 Deus
401 1920 487 1977 etiam
502 1921 550 1986 sit,
565 1920 615 1979 sed
635 1933 667 1978 ut
680 1922 805 1998 explicet
819 1920 963 1994 quomodo
977 1922 1121 1980 veteribus
1135 1919 1302 1997 patriarchis

97 2029 127 2067 se
140 2012 380 2085 manifestaverit,
394 2017 483 2076 instar
496 2018 567 2075 radii
587 2037 605 2074 a
617 2019 678 2076 sole
697 2018 826 2087 demissi,
849 2020 919 2091 quin
940 2020 975 2078 ab
989 2036 1024 2077 eo
1039 2027 1200 2094 separetur:
1222 2019 1253 2075 in
1267 2036 1302 2075 sa

95 2108 206 2185 quippe
221 2112 368 2171 sententia
390 2112 444 2171 fuit
458 2133 524 2172 eum
538 2114 608 2172 olim
621 2115 798 2191 apparuisse,
824 2115 937 2187 quoties
959 2116 989 2171 in
1011 2114 1165 2190 Scripturis
1183 2113 1219 2171 de
1240 2112 1304 2173 Deo

91 2206 157 2263 vise
170 2206 207 2263 fit
220 2209 357 2266 mentio·
397 2209 481 2267 Nihil
503 2209 643 2282 dicitque
659 2212 758 2269 innuat
780 2227 846 2267 eum
861 2210 945 2267 Patre
966 2227 1031 2267 esse
1052 2208 1226 2274 inferiorem,
1250 2208 1304 2266 ssd

91 2300 195 2361 omnia
209 2304 238 2361 ei
252 2304 460 2372 accommodat,
485 2324 548 2379 quae
564 2305 599 2363 de
619 2307 761 2382 Supremo
783 2305 912 2364 Numine
933 2306 963 2362 in
985 2305 1139 2381 scripturis
1153 2303 1303 2365 dietmtur:

88 2395 176 2455 illum
191 2398 274 2457 enim
289 2408 387 2457 censet
400 2399 509 2458 dixisse
523 2400 642 2478 Moysi:
666 2410 685 2438 ‘⁶
695 2400 768 2478 Ego
782 2418 851 2458 sum
865 2399 918 2477 qui
931 2399 1033 2458 rum.”
1055 2400 1221 2459 Personalis
1233 2400 1304 2457 rela-

89 2492 134 2551 tio
147 2503 252 2551 sancte
265 2505 393 2553 servatur
406 2495 559 2565 aJustino,
574 2516 638 2571 qua
652 2497 701 2555 vix
716 2496 787 2555 adeo
802 2504 884 2554 caute
898 2495 1038 2555 enuntiari
1053 2504 1157 2571 potest,
1178 2496 1248 2568 quin
1261 2496 1304 2554 in·

88 2588 183 2647 ferior
196 2588 292 2647 Filius
306 2589 442 2650 videatur.
486 2592 574 2651 Haud
587 2592 695 2670 trepide
709 2591 814 2670 dogma
834 2592 891 2650 hoe
910 2592 1061 2669 proposuit
1080 2591 1099 2649 J
1102 2592 1213 2648 ustinus
1226 2589 1303 2667 Try-

89 2684 208 2763 pheni;
229 2684 282 2745 sed
296 2687 389 2745 verbis
400 2689 559 2766 perspicuis
573 2688 679 2763 diuque
693 2688 728 2747 de
748 2706 784 2747 eo
798 2687 942 2755 dissemit,
956 2686 1090 2763 plurimis
1111 2685 1240 2745 adductis
1261 2704 1304 2743 ar·

126 2922 168 2982 (l)
186 2918 268 2971 “Tha
275 2921 378 2986 opinion
389 2922 418 2970 of
430 2936 445 2971 s
455 2921 540 2973 divisse
549 2938 606 2991 ray,
614 2924 690 2974 called
701 2923 743 2973 tlte
754 2922 831 2990 legor,
842 2923 916 2983 being
926 2919 1095 2985 permanendy
1103 2917 1214 2968 attached
1225 2922 1250 2967 to
1261 2916 1303 2967 the

95 3018 155 3053 msn
165 3004 250 3065 lans,
261 3007 312 3056 and
321 3007 483 3070 comtituting
494 3025 509 3058 a
524 3025 611 3074 proper
620 3018 674 3074 part
684 3010 713 3059 of
724 3009 764 3058 his
780 3024 876 3074 person,
887 3022 986 3072 appears
997 3007 1050 3055 first
1065 3007 1093 3056 in
1104 3005 1146 3055 the
1157 3004 1267 3065 writings
1278 3003 1307 3052 of

95 3088 181 3141 lustin
191 3090 297 3157 Mertyx,
307 3093 365 3143 who
372 3092 422 3143 ltad
432 3095 494 3144 been
506 3111 521 3144 a
531 3096 641 3145 Platonis
652 3095 815 3160 philosopher,
826 3094 875 3145 and
883 3094 947 3153 vrlro,
956 3092 1030 3142 vtltsn
1043 3092 1075 3142 lte
1085 3094 1184 3143 bacam
1196 3107 1210 3140 a
1220 3088 1303 3139 Chris-

97 3173 156 3233 tian,
172 3175 310 3227 marinaeo
324 3184 351 3227 to
366 3178 398 3226 be
408 3194 423 3227 a
434 3186 502 3239 neat
517 3178 623 3229 adnuet·
635 3180 664 3229 of
677 3178 772 3230 Plato?
809 3179 936 3243 Pnoemy,
946 3176 1170 3228 “Haachrtntan
1178 3172 1303 3233 church,”

98 3260 180 3323 ΨΜ
193 3263 217 3321 ¹2
229 3264 245 3321 ἦ
257 3262 290 3311 Vi·
331 3276 334 3281 ¹

132 3343 173 3407 (2)
189 3342 347 3394 Smmntiam
357 3344 450 3396 Justini
460 3346 491 3395 de
507 3346 588 3397 Verbo
602 3363 629 3397 se
640 3348 699 3398 olim
710 3348 879 3398 manifestante
889 3347 1022 3397 normsims
1039 3345 1202 3412 propugnavit
1218 3342 1305 3405 Heng·

97 3428 217 3491 stanbsrg,
228 3444 288 3479 cum
299 3444 398 3491 magna,
408 3436 438 3478 ut
447 3432 514 3489 solet,
525 3430 871 3499 eruditione-Christology,
887 3430 937 3482 Vol.
948 3432 969 3480 Ι.
980 3448 1000 3481 c.
1011 3431 1050 3481 tit.
1084 3430 1209 3491 Angelum
1222 3436 1303 3480 autem

45 3552 47 3557 '
99 3548 197 3598 lahem
208 3534 302 3638 mn}
314 3534 429 3640 ww
440 3564 498 3599 eum
508 3556 585 3608 voest,
602 3557 675 3613 prout
685 3556 745 3599 tunc
755 3550 873 3613 apparuit,
887 3549 982 3603 Filium
991 3546 1047 3606 Dei,
1057 3554 1130 3610 prout
1141 3563 1167 3595 se
1178 3547 1206 3596 in
1222 3563 1302 3606 cama

97 3649 169 3701 homo
178 3648 271 3709 fimus,
281 3648 549 3703 manifestarit-idid.
554 3664 584 3715 p.
598 3651 655 3699 186.
689 3648 793 3699 Fallitur
803 3656 885 3699 tamen
892 3649 929 3697 vir
939 3647 1101 3704 doctissimus,
1114 3661 1174 3695 nam
1186 3645 1244 3696 Filii
1255 3645 1303 3695 Dei

98 3750 188 3787 nomen
198 3734 286 3784 Verbo
297 3750 313 3783 a
322 3734 395 3785 Patre
405 3738 437 3785 ah
446 3744 534 3786 muno
545 3734 628 3795 genito
639 3735 763 3795 convenit,
775 3735 811 3784 uti
828 3751 859 3784 ex
872 3737 925 3799 jam
936 3733 1040 3785 laudatis
1056 3732 1201 3784 mumoniis
1213 3731 1303 3782 Psaltis

96 3818 245 3873 amensa
256 3820 359 3871 omnino
369 3827 471 3871 constat.
504 3818 631 3883 Plerisque
642 3819 762 3879 Patribus,
778 3821 909 3885 presertim
928 3818 1026 3877 Grecis,
1046 3819 1061 3868 J
1064 3818 1139 3868 ustini
1156 3818 1236 3869 arrisit
1252 3832 1305 3867 sen·

96 3906 188 3967 teatin
206 3904 253 3957 ssd
265 3904 415 3968 Augustino,
425 3904 455 3957 ds
466 3904 597 3956 virtitute.
609 3903 625 3955 1.
637 3905 674 3956 r't't'.
687 3923 706 3957 e.
717 3906 753 3966 a's',
765 3906 926 3970 Hieronymo,
937 3904 966 3954 in
981 3904 1037 3956 Get
1049 3904 1087 3955 iii.
1102 3908 1140 3963 10,
1152 3911 1177 3953 et
1188 3904 1305 3965 Gregorio

97 3990 133 4041 ll.
142 4005 207 4041 mor.
219 3988 315 4039 lxxviii.
327 3990 396 4041 aliter
410 3990 491 4040 visum
501 3997 553 4039 est:
570 3997 672 4039 oensem
688 3990 781 4043 scilicet
791 3990 896 4040 visiones
914 3988 968 4038 illas
984 4005 1028 4054 per
1045 3990 1146 4051 angelos
1162 3993 1262 4049 agentes
1272 4001 1305 4036 ex

94 4090 203 4141 pesona
214 4074 354 4125 lisifsctss.
371 4074 506 4127 Witsssius
517 4082 645 4139 utramque
655 4076 750 4126 videtur
761 4078 909 4142 conjungere
920 4076 1074 4136 sententiam,
1085 4074 1177 4125 seilicet
1192 4072 1305 4138 opinetur

94 4159 193 4211 ritim
204 4158 346 4223 apparuisse
355 4159 505 4223 patrisrmis,
516 4159 559 4209 sed
569 4159 651 4221 angeli
661 4161 735 4210 creati
745 4176 820 4211 usum
831 4176 883 4211 esse
894 4161 1037 4212 ministerio.
1068 4166 1083 4192 “
1091 4161 1211 4211 Putamus
1222 4157 1306 4223 itaqua

93 4246 194 4299 riuum
205 4244 264 4303 nei,
272 4259 331 4295 oum
342 4259 456 4310 apparare
466 4253 526 4296 tunc
535 4245 613 4296 voluit
622 4248 738 4309 angelum
749 4249 923 4313 assumpsisse:
940 4248 999 4298 huic
1008 4255 1089 4298 autern
1100 4247 1187 4309 angele
1198 4245 1306 4311 corporis

92 4333 204 4385 rernm
213 4330 408 4390 eirsnmdsdius,
425 4331 460 4381 ita
469 4337 499 4382 ut
509 4333 611 4393 angelus
624 4332 770 4393 immediate,
787 4333 867 4384 Filius
878 4341 960 4385 autem
977 4334 1026 4384 Dei
1042 4333 1145 4383 mediate
1155 4324 1305 4398 appareret.”

94 4413 438 4476 ltsintrsetds'lhinitate,
455 4414 542 4477 qmiv.
552 4419 648 4475 ssctl,
660 4432 709 4477 arg.
722 4432 744 4465 v.
752 4417 835 4481 0112
811 4416 1011 4470 arctamenta
1025 4416 1161 4484 Scriptura,
1173 4421 1306 4482 opaeum

93 4514 143 4555 stes
153 4498 277 4556 hermes
287 4500 389 4561 ἡοὶιιιιὶ,
396 4502 508 4571 quamvis
517 4501 637 4554 Witassio
645 4501 694 4554 fere
705 4502 873 4556 tundamur.
