2730 5018
1312 196 1334 247 ’ἶ

114 245 174 304 264
344 242 404 304 ΒΕ
422 243 591 305 burnus
610 245 653 305 IN
679 240 865 304 CHRISTO
887 238 1086 303 NATURIS.

165 405 232 461 114.
254 400 344 460 Nulla
356 413 401 461 est
414 403 619 480 proprietatum
634 402 664 459 ia
678 415 777 461 natura
790 401 1023 466 communicatio,
1036 399 1161 472 ideoque
1174 415 1232 455 norr
1251 410 1323 473 pce„
1361 384 1363 389 ¹

117 509 185 557 sunt
198 496 234 555 de
248 515 280 555 sc
293 495 418 557 invicem
432 498 466 556 in
489 497 638 557 obstructo
659 494 819 574 tiriedicari.
857 495 1001 553 Divinitas
1017 493 1125 553 idcirce
1143 511 1203 551 οοο
1223 503 1311 568 ροισι(

59 592 62 597 '
117 591 174 651 dici
187 591 331 650 mortalis:
353 592 514 651 humanitas
529 591 639 648 Christi
654 609 711 649 oon
726 601 771 647 est
784 590 978 666 omnipotens,
991 608 1046 647 nee
1056 588 1175 665 ubique.
1202 587 1305 663 Enati(

117 687 170 745 hac
184 687 215 745 in
229 706 260 744 re
275 687 431 754 Lutherus,
447 686 557 745 Christi
570 687 687 745 Domini
703 687 731 744 in
747 685 929 743 Eucharistia
943 685 1048 742 realem
1063 684 1241 761 presentiam
1253 703 1300 757 no„

117 782 174 839 aiis
188 784 297 840 ratione
311 781 463 841 defendere
478 783 584 849 sciens,
599 793 698 840 contra
719 782 908 858 objectionem
923 780 959 837 de
973 782 1102 857 eorporis
1117 779 1152 836 ad
1167 780 1255 857 iocum
1265 804 1298 849 n.

22 856 27 875 Ι
115 877 225 935 latrone
236 895 331 947 umes,
342 896 427 950 quam
442 877 645 935 humanitatem
657 876 778 943 Christi,
789 894 847 933 una
856 874 1092 943 cumdrvtnrtate,
1103 874 1308 961 ubiqueadessa
1328 932 1332 937 ,

29 1002 57 1043 ,’
117 970 312 1061 effittnehdtt.¹
352 972 480 1032 Errorf
477 974 519 1031 uit
544 992 612 1032 sane
638 972 782 1049 palmaris,
806 973 877 1038 unio
898 973 976 1029 enim
999 971 1179 1048 hypostatica
1200 972 1294 1047 perfecit
1328 1000 1332 1007 ·

51 1060 56 1083 ²
108 1044 235 1145 'quiden
248 1066 404 1126 humanam
420 1079 560 1138 naturam,
574 1069 789 1127 subsistentiam
803 1069 830 1126 ei
844 1067 1007 1136 tribuendo,
1020 1066 1073 1124 sed
1092 1084 1155 1124 eam
1178 1066 1293 1133 divinitati

49 1158 64 1175 ⁸
117 1152 267 1237 'atitequare
281 1181 340 1221 non
353 1163 455 1241 potuit.
497 1164 654 1231 Quamvis
646 1178 731 1241 tgrtur
743 1163 877 1221 Christus
892 1163 997 1236 ubique
1011 1163 1058 1231 rrt,
1071 1174 1212 1233 tamquam
1223 1160 1329 1236 Deua*

54 1268 59 1309 :
116 1257 283 1318 humana'
258 1276 320 1333 ejus
335 1268 434 1315 natura
447 1268 524 1316 certo
538 1258 604 1318 loco
618 1259 759 1325 consistit,
774 1277 828 1316 nec
843 1268 923 1316 extra
936 1258 1043 1316 nisiex
1058 1256 1176 1334 speciali
1197 1256 1247 1314 Dei
1257 1279 1294 1335 pu·
1330 1298 1333 1303 -

18 1386 22 1391 -
117 1351 215 1419 tentia,
230 1360 315 1429 prout
328 1352 359 1409 in
370 1351 553 1410 Eucharistia
564 1353 714 1430 contingit.
742 1352 821 1410 Hine
837 1351 971 1410 Christus
985 1353 1049 1429 ipse
1063 1351 1098 1409 de
1110 1350 1213 1408 Lazari
1225 1368 1294 1415 morte

119 1446 268 1521 alloquens
280 1448 447 1524 Apostolos,
463 1448 550 1506 dixit:
568 1449 709 1526 “gaudeo
724 1459 838 1527 propter
853 1468 914 1517 voa,
928 1462 959 1507 ut
969 1446 1102 1531 radatis,
1113 1465 1294 1520 quonumnon
1331 1524 1334 1529 Ι

118 1563 196 1603 eram
212 1544 262 1602 ihi.
288 1544 347 1602 Sed
360 1563 460 1603 eamus
475 1545 511 1603 ad
522 1564 600 1605 eum.
602 1542 636 1581 ”⁹
663 1546 795 1605 Profectb
811 1547 867 1604 nisi
884 1547 1030 1621 utriusqus
1043 1554 1153 1604 naturae
1156 1546 1296 1633 propriata·

54 1696 58 1703 .
118 1654 161 1700 tes
176 1651 304 1699 accurate
319 1639 524 1711 discernantur,
539 1642 722 1719 Eutychiana
736 1642 854 1700 haeresis
869 1643 923 1700 alia
937 1622 1223 1711 subformaQit'.
1240 1640 1299 1711 Qua
1361 1716 1363 1721 Α

118 1736 230 1795 diuinas
245 1736 434 1814 perfectiones
451 1737 568 1796 Christo
585 1740 709 1797 tribuunt
723 1739 876 1815 Scriptum
891 1739 1055 1797 testimonia
1066 1736 1103 1803 sd
1114 1736 1268 1796 diriuam'
1248 1756 1298 1815 ejus

119 1851 273 1911 personam
287 1842 316 1890 et
330 1846 457 1891 naturam
480 1833 627 1892 reserenda
647 1849 730 1892 οοοι.
754 1854 817 1908 quar
831 1816 984 1893 humanam
1005 1834 1164 1910 respiciunt
1179 1844 1300 1904 naturam,

54 1942 57 1947 ·
121 1928 315 2005 amplissimas
328 1926 443 2000 quidem
456 1927 547 1996 dotes,
559 1928 771 2002 quodammodo
783 1928 1079 1997 infinitonsnmrur,
1093 1926 1216 1989 iimitem
1223 1936 1303 2029 tamea

119 2024 235 2085 habent.

164 2119 403 2179 trachiarum
419 2137 537 2196 peecare
551 2140 608 2179 non
630 2122 758 2198 potuisse
772 2143 809 2181 ex
823 2125 887 2200 ipsa
900 2123 1006 2181 unione
1028 2116 1318 2199 hypostaticanqut
1361 2112 1363 2125 ²

120 2224 174 2281 tur,
190 2233 256 2273 nam
272 2213 367 2271 divina
382 2233 503 2290 persona
516 2235 532 2272 a
547 2230 663 2294 peccato
678 2219 796 2277 omnino
817 2218 965 2276 abhorreat
985 2234 1103 2276 necesse
1118 2225 1172 2274 est.
1214 2215 1313 2293 'forpi-

119 2308 187 2367 tudo
202 2308 264 2367 hec
278 2308 384 2367 idcirco
397 2310 425 2366 ei
439 2310 563 2370 adscribi
577 2333 758 2389 nequaquam
779 2324 884 2391 potest,
898 2314 985 2371 etiam
998 2313 1029 2370 in
1042 2325 1142 2371 natura
1162 2296 1316 2389 assumpta.

119 2400 165 2465 De
180 2424 215 2463 eo
230 2404 299 2462 dicit
315 2403 440 2462 Paulust
464 2416 483 2441 ‘⁸
493 2425 551 2465 non
572 2424 689 2469 nouerat
710 2410 906 2488 peccatum,’'³
929 2419 949 2446 ‘⁶
959 2420 1086 2476 sanctus,
1101 2394 1255 2476 innocens,
1266 2407 1322 2471 iut-

118 2500 256 2578 pollutus,
270 2511 434 2577 segregatus
450 2520 466 2558 a
480 2508 723 2578 peccatoribus.”⁴
743 2506 829 2575 Quod
843 2521 937 2564 autem
954 2494 1123 2583 propinquis
1134 2502 1327 2561 suadentibus

118 2607 149 2655 ut
163 2596 196 2654 ³11
215 2586 325 2654 'fesium
348 2595 537 2666 ascenderet?
550 2619 640 2675 seque
661 2604 865 2669 manifestaret,
879 2600 1060 2678 responderit
1082 2618 1114 2656 se
1136 2616 1327 2673 nequaquam

119 2710 315 2758 ascensurum,
332 2690 547 2767 intelligendum
563 2697 645 2772 plane
661 2712 705 2756 est
725 2698 761 2756 de
782 2698 881 2755 itinere
898 2696 981 2768 quale
1002 2693 1167 2761 suadebant,
1183 2712 1252 2751 cum
1272 2712 1330 2770 po·

120 2788 215 2846 tentim
229 2806 287 2844 suae
303 2785 548 2847 manifestatione:
572 2793 699 2853 ascendit
719 2806 811 2852 autern
827 2792 963 2866 deinceps
983 2797 1003 2826 ¹⁴
1014 2808 1071 2848 non
1088 2789 1250 2856 manifeste,
1272 2786 1333 2847 sed

122 2886 204 2958 quasi
229 2885 259 2942 in
280 2883 446 2940 occulto:”⁰
474 2889 883 2958 ὀνφοερῶς,ἀι,ι’ὡςένκροπτῷ.
917 2877 1001 2946 Nihil
1015 2888 1043 2944 in
1065 2886 1112 2949 ilfa
1132 2885 1328 2962 responsione

122 2982 183 3039 vitii
198 3002 205 3049 ;
221 2998 274 3037 nec
289 2980 366 3037 enim
381 2990 411 3035 ut
426 2990 512 3036 totam
528 2996 608 3034 auam
624 2992 749 3036 mentem
764 2966 896 3055 proderet
910 3002 1027 3043 necesse
1043 2993 1112 3050 erat,
1127 2983 1179 3039 sed
1199 2982 1328 3043 consilio

122 3097 153 3134 sc
169 3093 326 3152 repugnare
340 3076 527 3151 significabat.
570 3074 714 3146 Equidem
729 3076 798 3134 dicit
812 3076 847 3136 de
861 3099 896 3138 eo
918 3081 1037 3138 Petrus:
1062 3088 1081 3115 ‘⁶
1093 3088 1244 3156 peccatum
1266 3098 1320 3138 nou

124 3173 200 3239 fecit,
218 3191 270 3229 nec
286 3173 417 3229 inventus
432 3182 477 3228 est
490 3171 572 3228 dolus
587 3171 616 3226 in
638 3189 686 3228 ore
697 3153 813 3247 ¹ejus.”⁷
841 3176 912 3241 Quae
927 3190 1021 3234 aurem
1037 3175 1320 3234 infirmitati..huma.

121 3289 165 3328 nae
182 3268 286 3325 indicia
301 3277 428 3324 recenset
449 3267 616 3333 Furnesius,
631 3278 662 3323 ut
682 3269 821 3343 optimum
836 3291 902 3330 eum
924 3273 1062 3339 ostendat,
1078 3273 1186 3350 quippe
1200 3272 1251 3345 qui
1275 3273 1320 3337 mi,

124 3366 211 3423 nitriis
225 3374 340 3440 urgetur
355 3364 441 3430 vitiis,
457 3374 553 3420 contra
567 3382 683 3420 ornnem
699 3367 755 3422 ueri
771 3369 897 3442 speciem
914 3371 1093 3447 οΗεςοοιοτ.8

158 3501 226 3631 (12⁶)
228 3497 373 3548 ‘Confessio
385 3497 487 3548 Martini
498 3497 603 3557 Lutheri
615 3500 645 3549 da
654 3516 724 3550 coerra
736 3501 860 3561 Domintr’

160 3672 201 3735 (3)
174 3668 256 3717 131
269 3667 326 3716 Cor
335 3684 357 3713 v.
370 3668 410 3721 21.

159 3755 186 3817 (4
191 3757 201 3816 )
222 3753 285 3800 Heb.
295 3751 335 3799 vii.
347 3753 387 3798 26

161 3835 203 3902 (5)
223 3836 295 3885 foen.
305 3835 355 3884 viii.
367 3837 409 3883 46.

161 3924 189 3992 (6
192 3926 203 3991 )
175 3921 310 3971 6Graece
321 3920 423 3969 habetur
434 3924 502 3973 dono
514 3919 626 3970 nondum
640 3921 705 3984 quod
722 3936 820 3970 omnem
837 3931 847 3971 t
863 3922 898 3971 llit
916 3922 1088 3974 difficultatem.
1122 3924 1246 3974 Ceterum
1264 3922 1330 3975 recta

124 4009 258 4059 Griesbnch
270 4007 404 4066 vulgatam
424 4008 551 4060 lectionem
569 4007 683 4057 antefert:
702 4008 837 4055 verosimile
854 4009 944 4072 quippe
955 4019 992 4058 est
1008 4018 1103 4060 textum
1119 4010 1277 4062 immutatum
1295 3997 1329 4061 ab

123 4096 204 4158 a'quo
217 4090 315 4140 honoris
326 4089 450 4141 Dominici
461 4091 593 4140 solicitiori.
634 4089 728 4140 Gontm
739 4100 821 4144 censet
832 4091 983 4146 Bloomficld.

162 4179 203 4242 (7)
223 4175 242 4222 Ι.
255 4176 306 4224 Ροι.
318 4172 342 4221 ii.
355 4178 396 4222 22.

163 4265 204 4328 (8)
219 4267 232 4291 “
241 4258 266 4307 N
269 4273 310 4306 ow.
319 4256 338 4305 it
349 4272 427 4306 seems
438 4265 463 4307 to
472 4274 511 4306 me
522 4257 554 4306 he
565 4273 616 4306 wns
628 4256 749 4306 disturbcd
762 4267 787 4306 at
796 4258 838 4307 the
849 4259 1017 4324 interruption,
1027 4266 1111 4322 (agre
1121 4260 1201 4310 ferens
1212 4261 1329 4326 interpel-

127 4341 257 4404 raticncmss
271 4359 327 4405 says
339 4341 457 4402 Kuinoel)
470 4342 517 4391 and
536 4341 588 4390 that
599 4341 640 4390 the
657 4343 826 4402 exclamation,
850 4343 937 4394 ‘Who
947 4345 968 4393 is
980 4361 1020 4409 my
1031 4345 1133 4407 mother,
1145 4346 1194 4396 arrd
1210 4346 1269 4396 who
1285 4363 1329 4398 ere

125 4448 167 4495 my
180 4425 299 4479 brethren'
317 4429 408 4478 reveals
420 4445 434 4478 a
445 4435 596 4491 momentary
608 4424 756 4479 excitement
773 4429 802 4478 of
814 4428 906 4483 miud.’'
937 4429 1011 4481 desua
1027 4430 1082 4485 und
1096 4430 1137 4484 tis
1148 4428 1329 4503 Biugrupfters,

126 4534 151 4583 p.
161 4517 177 4566 i.
189 4515 226 4565 ch.
240 4531 261 4560 v.
272 4530 296 4579 p.
309 4517 349 4563 57.
