2730 5018
299 276 355 335 DE
378 276 629 337 DIVINITATE
652 279 845 339 SPIRITUS
866 279 1031 340 SANCTI.
1133 350 1136 357 Ι
1192 288 1248 344 lor

84 435 133 490 59.
156 432 191 491 ln
206 451 242 491 co
266 433 321 490 sita
340 433 441 491 estvis
463 434 548 512 hujus
563 437 792 511 comparationis,
817 436 892 509 quod
918 437 993 495 sicut
1016 455 1097 495 meus
1123 438 1248 497 humana

51 540 154 587 tantum
173 529 229 588 sibi
243 529 359 587 conscia
370 540 416 586 est
430 548 547 587 suorum
562 549 738 598 arcanorum,
754 532 796 588 sic
810 543 838 589 et
852 533 976 608 Spiritus
991 533 1047 590 Dei
1061 534 1141 591 novit
1153 533 1250 591 divina

54 643 167 683 meana:
190 643 248 696 qua
261 625 370 682 ratione
385 625 470 684 etiam
493 626 610 684 intimus
631 645 723 685 nexus
744 628 884 703 Spiritum
905 630 1040 687 Sanctum
1057 633 1131 686 inter
1144 639 1173 687 et
1196 629 1250 687 Pu·

10 776 12 787 ,
56 733 119 777 trem
133 718 304 786 ostenditur,
327 729 355 776 et
375 719 478 778 divinat
493 723 636 789 essentiae,
661 722 783 793 utrique,
809 724 883 781 sicut
900 733 929 780 et
949 723 1033 789 Filio,
1056 741 1250 790 communem,
1291 774 1295 783 .

57 817 141 874 unitas
154 833 162 872 ε
185 815 283 875 deficit
293 827 398 885 autem,
411 819 485 875 sicut
499 819 632 894 pleraque
644 820 754 875 arabus
769 819 941 876 naturalibus
954 819 988 877 ad
1000 820 1096 877 divina
1107 820 1251 887 translata,

58 921 190 986 quamnus
204 912 330 989 Spiritus
352 913 475 972 Sanctus
490 933 556 972 vere
571 933 587 971 a
601 915 685 972 Patre
706 915 897 991 distinguitur,
912 936 1000 989 quum
1016 917 1139 993 Spiritus
1154 918 1253 974 huma·

57 1026 103 1067 uua
115 1026 186 1084 pars
200 1008 390 1069 sithominis.
431 1010 596 1083 AEqualitas
619 1020 714 1068 autem
728 1011 853 1086 Spiritus
867 1013 964 1069 Sancti
980 1013 1057 1070 Patri
1072 1012 1138 1069 inde
1158 1012 1253 1084 sequi·

56 1116 102 1170 tur,
116 1122 210 1176 quum
224 1113 271 1163 tan
361 1107 370 1165 i
384 1107 484 1165 notitia
497 1106 624 1164 inferiori
638 1107 722 1163 tribui
736 1126 793 1164 non
806 1107 914 1182 possit:
931 1116 951 1143 ⁴⁶
963 1108 1029 1178 quia
1040 1106 1125 1164 nern'o
1136 1107 1252 1165 inferior

54 1200 208 1275 superioris
229 1107 510 1335 constantem:
533 1203 636 1260 divinae
659 1204 736 1261 enirn
751 1201 841 1261 solius
856 1212 900 1259 est
920 1203 1067 1277 potestatis
1088 1221 1190 1260 arcana
1202 1220 1252 1260 ne·

53 1295 174 1353 VWB-„¹

89 1396 140 1451 60.
165 1394 271 1451 Totam
286 1391 440 1451 doctrinam
456 1395 661 1471 Apostolorum
682 1413 719 1452 ex
734 1395 843 1470 Spiritu
858 1395 963 1452 Sancto
977 1393 1052 1451 intus
1069 1410 1120 1450 eos
1134 1392 1254 1451 docente

50 1487 188 1562 pendere,
201 1488 334 1547 Christus
347 1493 409 1565 ipse
423 1501 538 1547 testatus
550 1500 603 1557 est,
619 1491 757 1566 pollicens
770 1508 835 1548 eum
848 1489 997 1548 docturum
1009 1507 1059 1546 eos
1077 1507 1191 1546 omnem
1207 1509 1255 1546 ve·

50 1583 176 1642 ritatem.
218 1585 298 1662 Ergo
313 1585 436 1661 Spiritus
453 1595 567 1644 sanctus
583 1587 694 1644 infinita
706 1586 795 1663 pollet
805 1586 933 1654 scientia,
946 1595 1044 1659 estque
1060 1586 1162 1643 erroris
1178 1606 1255 1664 pror·

47 1696 102 1735 sus
116 1670 254 1737 nescius:
277 1680 396 1756 proinde
410 1679 491 1738 Deus
505 1691 558 1739 est.

91 1780 143 1833 ot.
169 1777 361 1835 Sanctificatio
377 1778 502 1835 honrinis
517 1778 637 1855 Spiritui
656 1779 762 1836 Sancto
776 1778 924 1836 tribuitur:
948 1777 1120 1854 “justificati
1135 1779 1203 1836 estis
1226 1779 1256 1836 in

49 1873 174 1931 nomine
189 1872 309 1931 Domini
330 1876 418 1932 nostri
432 1875 504 1932 Jesu
519 1875 638 1942 Christi,
663 1885 692 1932 et
715 1876 745 1932 in
765 1875 872 1950 Spiritu
894 1874 951 1932 Dei
975 1874 1111 1931 nostri.”⁹
1151 1875 1257 1934 Omnia

51 1986 145 2044 opera
165 1969 263 2049 divina
276 1989 328 2046 pro
341 1989 456 2028 summo
470 1971 584 2028 arbitrio
598 1970 700 2029 dicitur
715 1989 868 2047 peragere:
892 1970 1048 2027 divisiones
1060 1970 1256 2046 operationum

51 2078 133 2147 sunt,
146 2066 225 2125 idern
236 2066 303 2125 verd
314 2068 404 2136 Deus,
418 2070 467 2141 qui
478 2081 611 2145 operatur
621 2070 717 2126 omnia
730 2070 758 2125 in
767 2068 910 2125 omnibus.
927 2107 935 2124 .
958 2109 966 2123 .
990 2107 997 2123 .
1013 2068 1071 2124 Alii
1080 2069 1196 2140 quidem
1208 2082 1258 2145 per

53 2146 199 2238 Spiritum
214 2163 295 2221 datur
308 2182 403 2222 sermo
418 2166 583 2242 sapientiae:
605 2165 652 2222 alii
667 2174 761 2221 autern
773 2182 868 2220 sermo
879 2163 1006 2219 scientiae
1018 2163 1259 2222 secundum-eun·

55 2258 122 2317 dem
138 2259 299 2335 Spiritum:
321 2260 400 2336 alteri
415 2261 486 2317 tides
501 2261 530 2318 in
544 2261 646 2318 eodem
668 2260 794 2336 Spiritu:
817 2259 865 2315 aiii
884 2258 973 2333 gratia
987 2259 1138 2315 sanitatum
1158 2259 1187 2316 in
1202 2279 1260 2318 uno

57 2354 193 2431 Spiritu:
216 2355 265 2412 alii
278 2356 407 2431 operatio
421 2356 566 2422 virtutum,
582 2356 629 2412 alii
644 2355 804 2431 prophetia,
820 2353 867 2409 alii
881 2352 1014 2409 discretio
1030 2353 1197 2428 Spirituum,
1213 2352 1260 2411 aiii

59 2449 350 2525 generalinguarum,
370 2450 417 2507 aiii
434 2450 627 2528 interpretatio
641 2467 815 2506 sermonum.
858 2446 931 2504 Haec
945 2458 1039 2503 autern
1053 2448 1149 2504 omnia
1163 2467 1261 2524 opera·

10 2526 13 2561 Ξ
60 2560 104 2605 tur
117 2565 196 2604 unus
210 2558 295 2619 atque
309 2546 384 2605 idern
400 2546 534 2623 Spiritus,
560 2547 690 2604 dividens
704 2544 825 2622 singuiis
846 2554 930 2620 prout
944 2543 1049 2601 vult.''⁸
1089 2544 1155 2620 Ipse
1176 2546 1261 2621 igitur

63 2634 187 2719 Spiritus
202 2645 252 2717 qni
266 2645 363 2701 omnia
376 2655 508 2721 operatur
527 2644 557 2701 in
572 2642 705 2703 omnibus
725 2652 769 2700 est
792 2642 882 2700 Dens.
924 2640 968 2697 Ita
987 2638 1076 2698 alitis:
1099 2642 1261 2699 “Nescitis

64 2741 128 2812 qnia
142 2740 286 2816 templum
296 2740 351 2817 Dei
366 2741 445 2806 estis,
458 2751 487 2797 et
501 2740 624 2816 Spiritus
639 2739 694 2796 Dei
709 2738 858 2795 habitatin
872 2737 955 2794 vobis
966 2735 1015 2793 i”⁴
1056 2736 1122 2792 “An
1144 2736 1261 2793 nescitis

66 2837 200 2908 quoniam
214 2837 343 2894 membra
358 2848 459 2904 restra,
476 2836 613 2912 templum
635 2845 702 2892 suut
723 2835 845 2910 Spiritus
861 2832 970 2899 Sancti,
996 2831 1045 2903 qui
1068 2831 1099 2887 iu
1114 2831 1193 2887 vobis
1208 2842 1261 2897 est,

66 2951 147 3005 quern
166 2934 278 2991 habetis
294 2933 396 3000 aDeo‚
408 2942 437 2991 et
450 2953 507 2991 non
522 2934 591 2991 estis
603 2932 744 2990 vestrit'’³
784 2931 940 3006 Templum
955 2929 1040 3006 igitur
1052 2928 1107 2986 Dei
1118 2918 1184 2986 sunt
1196 2928 1263 2985 fide·
1339 2945 1343 2953 ·

65 3031 112 3096 les,
135 3032 207 3103 quia
219 3031 360 3108 tempium
374 3043 442 3089 sunt
463 3031 586 3107 Spiritus
601 3030 710 3097 Sancti,
734 3047 820 3104 quem
841 3029 946 3084 habent
965 3047 981 3083 a
996 3025 1071 3095 Deo,
1086 3036 1114 3082 et
1129 3026 1178 3098 qui
1200 3026 1263 3102 ipse

67 3126 143 3185 Deus
158 3143 215 3185 eet.

100 3229 151 3283 6⁰2.
174 3225 277 3283 Liceat
289 3225 353 3283 haec
372 3243 409 3283 ex
425 3225 569 3301 Scriptura
584 3233 748 3300 argumenta
763 3223 855 3280 verbis
877 3220 1021 3298 Fulgentii
1041 3220 1204 3298 summatim
1224 3239 1265 3277 re·

10 3306 12 3311 ¹
64 3338 183 3379 censere
198 3340 207 3378 :
230 3328 251 3357 “
263 3320 391 3387 Dicatur,
407 3321 501 3397 igitur,
516 3320 541 3376 si
556 3319 690 3377 caelorum
702 3319 833 3375 virtutem
848 3316 940 3392 potuit
953 3316 1075 3380 firmare,
1091 3315 1140 3386 qui
1156 3325 1267 3371 nonest

10 3402 12 3407 ’
63 3416 155 3474 Deua:
180 3416 208 3473 si
222 3427 317 3492 potest
330 3417 483 3482 vivificare,
498 3416 548 3487 qui
562 3432 620 3472 non
642 3424 687 3471 est
701 3414 798 3470 Deus:
823 3412 847 3468 si
870 3420 964 3488 potest
977 3411 1006 3466 in
1027 3410 1203 3484 baptismatis
1226 3427 1271 3465 re·

61 3514 252 3589 generatione
267 3513 453 3580 sanctificare,
469 3512 587 3584 quinon
602 3520 647 3568 est
669 3510 769 3568 Deus:
792 3510 818 3566 si
840 3518 932 3584 potest
947 3506 1112 3563 charitatem
1134 3507 1266 3571 tribuere,

59 3611 113 3683 qui
126 3630 193 3669 non
203 3621 248 3669 est
261 3611 360 3669 Dens:
382 3610 408 3668 si
423 3620 517 3685 potest
531 3610 559 3667 in
575 3608 754 3667 credentibus
769 3607 904 3673 hahitare,
920 3604 968 3676 qui
983 3616 1099 3659 nonest
1120 3602 1217 3658 Deus:
1240 3602 1266 3658 si

60 3717 165 3784 potest
187 3710 306 3784 gratiam
320 3706 396 3775 dare,
412 3709 461 3779 qui
476 3726 532 3764 non
547 3716 592 3763 est
612 3705 711 3764 Deus:
734 3707 759 3761 ei
774 3712 869 3780 potest
882 3701 1008 3758 membra
1022 3698 1131 3755 Christi
1152 3699 1267 3764 habere,

57 3804 113 3875 qui
128 3821 193 3860 non
207 3815 252 3860 est
266 3803 364 3870 Deus:
386 3814 414 3859 et
427 3802 512 3877 digno
528 3802 651 3877 Spiritus
672 3800 793 3857 Sanctus
809 3797 954 3873 negabitur
968 3794 1059 3851 Deus.
1102 3794 1212 3850 Rursus
1228 3793 1269 3851 di·

13 3898 22 3913 *
59 3914 146 3958 catur
160 3901 190 3957 si
204 3919 240 3957 ea
248 3918 311 3973 quae
323 3898 358 3956 de
369 3899 477 3974 Spiritu
489 3899 595 3955 Sancto
607 3906 828 3954 commemorata
841 3904 916 3959 sunt,
932 3900 1025 3967 potest
1038 3889 1133 3960 aliqua
1144 3905 1271 3947 creatura

60 3997 162 4056 faeere
179 4004 234 4068 :et
247 3993 333 4073 digne
347 3994 471 4072 Spiritus
485 3993 607 4050 Sanctus
622 3980 731 4065 dicetur
744 4000 879 4048 creatura.
902 3989 934 4046 Si
949 3998 1042 4044 autern
1058 3985 1120 4042 haec
1135 3996 1268 4042 creatura:

406 4193 443 4252 (1)
461 4187 572 4238 Ambros-
587 4187 638 4237 ta.
650 4187 680 4237 de
691 4185 734 4252 Sp.
746 4184 773 4234 S.
784 4200 805 4235 c.
819 4181 874 4251 la]

411 4279 449 4338 (2)
466 4274 486 4323 I.
498 4273 557 4322 Cor.
567 4273 599 4321 vi.
614 4276 653 4322 ll.

410 4365 447 4423 (3)
465 4362 485 4411 Ι.
497 4357 608 4409 conrii.
621 4359 643 4407 6.

409 4448 445 4507 (t)
463 4445 484 4494 Ι.
496 4443 552 4492 Cor.
564 4442 598 4491 iii.
613 4443 652 4490 16.

409 4533 446 4592 (5)
463 4530 483 4580 1.
495 4526 596 4578 Conui
609 4528 648 4574 19.
