2730 5018
379 263 439 325 DE
461 260 632 325 cuuts‘t‘l
653 264 995 328 ssulsunct'touu.
1230 272 1286 331 tot

598 491 782 533 t’ttorosmo.

124 635 199 691 192.
223 630 271 690 Dr
281 630 349 711 fide
362 637 405 690 ert
427 628 582 689 mustum
600 647 658 708 pro
678 629 807 689 aliorum
814 638 925 709 prater
933 633 1162 710 predestinatos
1176 641 1288 696 aternu

76 727 186 787 solute
208 734 363 787 munuum
377 725 490 808 suiten,
504 745 565 787 uon
583 725 681 785 rolttm
702 727 877 804 sufficientia
892 729 994 808 pretii
992 750 993 754 ¹
1008 730 1107 800 oblati,
1123 731 1175 790 red
1196 732 1288 791 etiam

76 820 243 882 voluntate
251 822 411 900 repleremur
422 841 458 881 oo
465 822 591 901 proinde
600 821 680 899 quod
689 841 720 881 eo
732 823 844 892 animo,
855 842 944 901 euque
951 824 1112 886 tutenttorte
1121 846 1284 906 roneutms

81 918 140 977 srvi
148 919 285 1000 pretium
299 916 363 977 Deo
376 917 466 978 Patri
479 917 627 987 obtuterit,
642 919 707 977 ut
695 919 769 996 apsis
783 928 943 980 mereretur
956 922 1076 999 gratim
1099 923 1140 983 ud
1162 922 1290 984 volutem

83 1028 157 1073 nere
170 1032 207 1075 ae
217 1010 339 1075 relative
352 1013 536 1101 sufficientes.
541 1016 552 1050 ⁵

131 1106 378 1170 Probatur1.eu
394 1110 569 1190 Scripturir.

135 1211 204 1266 199.
226 1216 246 1245 “
256 1207 292 1266 In
305 1208 361 1267 hoe
374 1210 452 1268 enim
465 1208 625 1269 laboramus
640 1216 669 1265 et
686 1207 891 1277 maledicimur,
907 1211 973 1283 quia
986 1230 1134 1287 speramus
1149 1231 1179 1270 tn
1193 1211 1288 1273 Deum

95 1304 204 1371 vivum,
218 1304 268 1376 qui
281 1313 326 1361 est
340 1304 469 1362 Salvator
482 1303 610 1361 omnium
622 1302 782 1371 hominum,
794 1305 917 1362 maxime
931 1305 1136 1372 fidelium,'’⁹or
1146 1309 1199 1360 tort
1210 1309 1297 1377 σωτὴρ·

45 1424 47 1437 =
99 1399 195 1455 aivvan
216 1398 354 1469 utpium,
370 1415 479 1469 pastura
500 1403 605 1456 πιστῶν.
657 1399 726 1456 Ideo
755 1399 847 1458 dictus
874 1410 919 1458 est
945 1401 1024 1459 Deus
1052 1401 1192 1469 Salvator,
1221 1404 1290 1474 quia

102 1492 231 1553 Christus
252 1513 305 1571 pro
325 1494 475 1552 hominum
496 1493 586 1552 salute
607 1503 651 1552 est
671 1503 811 1553 mortuus.
853 1496 982 1554 Sal-vator
995 1505 1089 1555 autem
1103 1507 1147 1554 est
1160 1498 1290 1556 omnium

105 1577 258 1658 hominum,
274 1591 399 1648 maxime
413 1589 552 1648 fidelium.
590 1590 672 1668 Ergo
685 1591 784 1649 fideles
800 1592 914 1664 quidem
930 1593 1048 1669 speciali
1063 1593 1180 1662 ratione,
1196 1595 1291 1652 oaeteri

108 1694 193 1743 autem
219 1680 352 1742 homines
379 1683 505 1757 quodam
531 1685 632 1742 saltem
660 1696 743 1762 paeto
771 1685 881 1744 Christi
916 1695 1007 1745 morte
1043 1687 1182 1764 redempti
1212 1700 1288 1747 sunt.

110 1780 221 1838 Minime
242 1779 358 1852 quidem
378 1778 515 1837 dicendus
536 1779 609 1837 foret
629 1779 708 1837 Deus
731 1780 850 1839 aliorum
872 1792 974 1857 praeter
993 1781 1093 1839 fideles
1109 1783 1247 1851 Salvator,
1264 1785 1290 1840 si

115 1894 157 1952 pro
173 1873 228 1932 illis
248 1883 355 1932 tantum
377 1885 506 1932 mortuus
526 1873 628 1932 fuisset
642 1873 786 1932 Christus.
827 1875 969 1932 Praeterea
992 1875 1049 1950 ipsi
1070 1874 1168 1933 fideles
1190 1894 1290 1934 omues

116 1989 162 2031 non
174 1978 237 2028 sunt
249 1970 450 2046 predestinati,
465 1978 604 2027 memorat
616 1970 692 2027 onim
707 1970 814 2027 Paulus
836 1970 974 2042 quosdam
995 1971 1044 2042 qui
1065 1990 1082 2028 a
1102 1970 1158 2027 fide
1179 1971 1292 2030 excide·

45 2122 53 2137 ,
119 2074 177 2133 mut,
196 2073 224 2121 et
243 2074 341 2122 monet
360 2082 410 2122 eos
431 2063 481 2136 qui
501 2063 558 2121 fide
579 2071 664 2130 stant,
679 2081 716 2120 ne
737 2064 823 2122 altum
841 2064 985 2140 sapientes
1006 2064 1116 2122 cadant.
1158 2066 1292 2124 Attamen

45 2150 56 2159 ”
120 2155 200 2219 eorum
226 2159 355 2217 omnium
377 2159 501 2216 maxime
522 2158 691 2234 praedieatur
712 2159 850 2216 Salvator.
893 2160 972 2235 Ergo
994 2178 1044 2234 pro
1065 2160 1179 2219 illorum
1201 2162 1292 2218 salute

122 2255 256 2334 presertim
271 2263 398 2312 mortuns
411 2262 456 2311 est
469 2253 621 2311 Christus:
644 2253 724 2330 Ergo
738 2273 790 2330 pro
811 2254 901 2312 salute
922 2255 1041 2312 aliorum
1055 2263 1157 2332 prater
1170 2254 1296 2333 praedes·

121 2354 202 2410 tinatos
216 2359 343 2407 mortuus
364 2357 417 2407 est.
450 2382 454 2387 ·

45 2484 48 2492 ·
153 2449 210 2503 194.
232 2445 276 2503 nd
298 2445 444 2503 Romanos
465 2444 592 2503 scribens
606 2444 763 2520 Apostolus
778 2463 828 2504 eos
842 2455 949 2513 monet,
965 2463 1011 2513 ne,
1025 2445 1154 2504 ciborum
1169 2446 1294 2505 liberiori

124 2559 171 2608 usu,
188 2539 307 2615 infirmis
329 2539 497 2598 offensionis
511 2549 540 2597 et
562 2539 691 2596 interitus
716 2541 857 2615 praebeant
883 2541 1081 2598 occasionem:
1112 2542 1210 2598 “Noli
1230 2542 1294 2598 oibo

61 2708 63 2713 Α
124 2648 159 2694 tno
172 2635 251 2697 illum
271 2634 390 2711 perdere
411 2655 463 2711 pro
485 2653 542 2708 quo
564 2634 698 2693 Christus
729 2647 857 2694 mortuus
885 2634 975 2692 ἐπ”*
1013 2638 1060 2704 Μὴ
1076 2641 1112 2704 τῷ
1131 2633 1239 2703 sperari
1255 2653 1296 2688 σου

63 2795 64 2803 ¹
123 2732 191 2787 ἐκεῖνον
206 2731 321 2792 ἀπόλλυε,
333 2737 392 2792 toto
402 2734 431 2787 ὃν
441 2732 547 2803 Χςιστὸς
562 2731 677 2807 unitor·
705 2735 784 2808 Ergo
798 2732 890 2808 perire
904 2739 1007 2806 potest,
1022 2749 1074 2806 pro
1089 2748 1146 2803 quo
1161 2729 1295 2786 Christus

124 2840 155 2887 est
172 2840 306 2889 mortuus.
348 2829 428 2906 Ergo
448 2848 501 2907 pro
521 2830 584 2889 aliis
605 2841 707 2906 proter
726 2830 830 2888 eleetos
852 2840 979 2885 mortuus
1003 2836 1056 2883 est.
1098 2824 1178 2883 Idem
1206 2824 1298 2895 liquet

45 2912 50 2922 ’
124 2944 151 2983 er
167 2926 218 3009 alio
237 2926 369 3003 Apostoli
389 2926 469 2985 loeo:
504 2926 575 2984 “Et
594 2928 697 3004 peribit
717 2927 747 2985 in
767 2935 814 2983 tua
833 2924 952 2982 seientia
971 2922 1065 2990 irater,
1080 2930 1196 3000 propter
1209 2938 1296 2994 quem

125 3020 237 3081 Christus
252 3032 380 3083 mortuns
398 3022 488 3080 est.”⁴

154 3120 213 3175 lus.
235 3108 372 3177 Christus
386 3127 452 3195 post
465 3117 592 3176 ultimam
602 3136 713 3177 emnam
735 3135 787 3194 pro
800 3114 947 3193 Apostolis
963 3117 996 3171 et'
1010 3112 1141 3171 fidelibus
1164 3111 1297 3170 omnibus

123 3212 220 3271 Patrem
241 3210 407 3289 depreeatur
422 3223 485 3272 est:
508 3215 597 3272 “Pro
611 3215 653 3272 eis
668 3232 722 3291 ego
736 3212 883 3270 sanctifioo
897 3211 1050 3286 meipsum,
1064 3217 1096 3266 ut
1114 3209 1173 3266 sint
1193 3218 1222 3265 et
1241 3208 1299 3284 ipsi

117 3307 272 3365 sanctificati
292 3308 461 3367 inveritate.
504 3310 573 3368 Non
594 3328 646 3387 pro
667 3310 709 3366 eis
730 3317 824 3366 autem
838 3325 907 3383 rogo
922 3314 1041 3373 tanturn,
1056 3303 1108 3361 sed
1127 3312 1157 3362 et
1176 3301 1298 3380 pmleis,

121 3404 157 3475 qui
170 3404 303 3462 credituri
316 3415 383 3463 sunt
402 3408 584 3482 perverbum
604 3425 703 3465 eorum
718 3406 746 3463 in
761 3403 853 3461 me.”³
893 3403 950 3460 Pro
971 3419 1070 3459 eorum
1091 3400 1180 3457 salute
1201 3401 1299 3472 utique

119 3506 235 3557 mortuus
250 3510 295 3561 est
308 3499 508 3578 Christus'pro
530 3520 651 3574 quorum
671 3498 892 3558 sanctificatione
914 3495 1024 3570 rogavit
1037 3495 1168 3552 Patrem:
1191 3495 1301 3568 rogavit

119 3602 204 3652 autern
225 3612 278 3670 pro
299 3596 431 3653 omnibns
452 3596 594 3656 fidelibus.
634 3596 714 3670 Ergo
734 3611 787 3670 pro
809 3608 907 3649 eorum
934 3587 1023 3644 salute
1051 3585 1151 3647 saltem
1178 3595 1300 3643 mortem

116 3688 259 3766 amplexus
273 3694 329 3748 est.
369 3688 447 3749 iuter
460 3709 510 3750 eos
525 3701 619 3750 autem
634 3691 704 3748 alios
726 3705 790 3745 esse
811 3694 912 3762 praeter
925 3680 1138 3759 praedestinatos
1152 3677 1242 3750 liquet
1262 3695 1300 3736 ex

112 3784 179 3860 ipsis
194 3804 258 3858 quae
273 3803 342 3843 mox
354 3784 533 3846 laudavimus
547 3786 726 3846 testimoniis.
749 3781 896 3841 Accedunt
909 3778 957 3836 illa
968 3775 1129 3834 testimonia
1140 3792 1202 3847 quae
1217 3774 1301 3851 pretii

62 3884 66 3893 ’
110 3877 325 3955 amplitudinem
347 3879 504 3938 extollunt:
527 3881 619 3956 “ipse
639 3888 683 3936 est
696 3876 857 3955 propitiatio
878 3890 930 3949 pro
951 3876 1074 3947 pereatis
1096 3869 1219 3926 nostris:
1242 3888 1300 3929 uon

107 3990 161 4049 pro
175 3973 281 4031 nostris
295 3986 390 4032 autem
405 3982 523 4043 tantum,
538 3974 688 4034 sedetiam
702 3991 754 4050 pro
770 3971 854 4028 totius
869 3963 1013 4026 mundi.’'⁸

145 4134 192 4200 (1)
212 4131 389 4198 Propovitionis
399 4136 472 4184 verba
488 4141 630 4186 mutuamur
640 4149 655 4184 a
666 4131 816 4194 Theologioo
825 4135 928 4180 tractatu
938 4127 969 4178 ds
979 4126 1034 4177 Deo
1044 4140 1073 4176 se
1083 4124 1173 4176 divinis
1182 4122 1302 4175 attributis

106 4233 150 4282 qn.
161 4218 195 4269 vi.
204 4225 249 4268 art.
261 4219 294 4268 iv.
305 4220 383 4270 cunei·
393 4219 419 4269 ii.
430 4221 476 4270 ool.
486 4221 546 4270 tta.
556 4210 614 4270 tom.
627 4223 649 4269 7.
661 4218 749 4268 Theoi.
761 4230 847 4268 eureus
854 4215 944 4281 eompl.

144 4304 190 4368 (2)
210 4306 223 4350 1
236 4303 303 4353 Tim.
314 4304 346 4353 iv.
358 4303 397 4354 1⁰.

141 4390 182 4449 (3)
200 4386 272 4436 Rom.
282 4386 332 4436 xiv.
345 4385 384 4437 15.

142 4473 188 4537 (4)
209 4475 222 4519 1
237 4471 294 4521 Gor.
305 4471 356 4522 viii.
366 4471 407 4522 11.

144 4556 188 4619 (o)
204 4554 277 4606 ioan.
286 4554 346 4605 xvii.
359 4557 399 4606 19.
