2730 5018
269 210 276 220 ’
392 254 451 321 na
472 254 644 320 onium
666 254 972 320 onomaton.
1071 306 1072 311 .
1181 264 1284 349 „eoo

74 405 161 482 tetis,
175 421 210 473 ut
219 412 313 472 slmus
327 412 441 473 initium
454 413 570 488 aliquod
582 423 717 472 creature
730 412 836 491 ejue.”1
860 414 910 472 Ex
923 413 1047 472 bonitate
1060 411 1156 472 divina
1167 412 1219 487 llis
1229 414 1283 492 igi·

76 510 128 562 tur
142 511 229 567 nobis
240 510 364 586 contigit
376 510 517 578 nativitas,
532 528 588 582 qua
601 509 658 567 lilii
667 508 732 587 ejus
743 524 906 579 assamur,
920 509 1071 578 eredendo,
1089 516 1119 566 et
1131 508 1206 570 dona
1219 511 1281 587 ejus

81 604 284 679 Suscipiendo.
594 670 602 681 Ἰ

128 699 176 755 tr.
192 698 253 754 Tot
262 696 426 757 testimonie
436 696 520 775 pisae
531 696 872 775 ostenduntopersbona,
880 696 1024 773 fidemque
1032 698 1126 774 ipsam
1136 714 1174 757 ex
1184 715 1292 776 super-q

89 793 205 861 naturali
215 792 338 851 derivari
347 792 471 863 tonora
482 793 578 852 divino
589 794 725 852 luminas
734 795 818 854 Patre
826 794 967 853 luminum
977 804 1103 853 mentem
1113 794 1281 863 illustram.

91 895 122 944 et
132 888 213 947 eorde
227 888 364 947 divinitus
376 898 463 958 moto,
473 899 505 946 ut
516 890 647 957 velimus,
660 899 689 948 et
702 890 780 963 quod
787 890 967 967 aggredimur
974 908 1076 969 reapse
1086 890 1280 969 perficiamus.

131 981 279 1040 Probatur
292 981 337 1041 II.
352 1001 390 1042 ea
402 983 560 1051 Patribus,
1037 1020 1040 1025 -
1241 996 1269 1031 -u

135 1081 176 1135 lt.
197 1077 230 1135 S.
242 1077 388 1135 insumus
402 1077 447 1135 Μ.
462 1077 551 1135 citans
566 1077 670 1135 Psaltis
685 1079 786 1137 verba:
810 1079 918 1138 “Deus
932 1096 1059 1153 meuses
1076 1088 1118 1150 ts,
1138 1097 1175 1139 ne
1189 1078 1282 1139 disee·

102 1168 165 1227 iuss
175 1168 254 1236 nae‚”
276 1170 378 1242 inquit:
401 1178 421 1205 ‘⁴
433 1169 528 1228 Doeet
537 1171 567 1228 iu
581 1169 677 1228 Deum
690 1171 740 1242 qui
753 1172 851 1231 omnia
860 1172 975 1241 crearit,
988 1190 1104 1250 sperne
1118 1191 1219 1232 omnes
1231 1158 1282 1233 de*-

105 1265 164 1330 bem,
175 1271 205 1320 et
216 1263 253 1319 ab
268 1280 303 1320 eo
317 1263 380 1321 eolo
392 1263 513 1322 salutem
527 1273 556 1321 et
569 1264 706 1322 auxilium
721 1265 896 1337 quarere-‘¹⁸

135 1359 174 1414 lb.
194 1356 227 1412 S.
244 1355 404 1413 lausans:
425 1365 447 1392 ‘⁴
460 1358 529 1415 Nou
543 1358 619 1414 enim
634 1369 750 1433 propter
763 1359 819 1416 hoe
839 1358 968 1416 liberarit
987 1377 1040 1418 nos
1061 1359 1228 1439 (cbristus)
1249 1371 1281 1420 ut

105 1454 170 1512 obeo
182 1451 388 1509 absoedamus:
410 1470 464 1510 nee
478 1453 555 1510 enim
569 1463 664 1529 potest
676 1453 828 1526 quisquam
842 1464 923 1513 extra
942 1455 1096 1513 Dominiea
1109 1457 1280 1515 constitutus

102 1549 160 1606 bona
178 1547 295 1603 sibimet
313 1546 460 1620 acquirere
480 1547 578 1603 salutis
593 1547 746 1605 alimenta:
767 1547 820 1604 sed
833 1557 864 1606 ut
877 1549 942 1624 plue
963 1551 1081 1625 matiam
1096 1551 1158 1626 ejus
1173 1548 1280 1629 adepti,

95 1641 150 1719 plue
163 1658 229 1698 eum
244 1639 443 1716 dilIgamus.''³
482 1641 620 1715 Spiritum
636 1641 773 1699 Sanctum
787 1643 874 1700 sitam
888 1643 1035 1700 animabus
1056 1645 1086 1701 in
1106 1643 1219 1704 lavaero
1232 1645 1281 1703 tri·

37 1802 39 1809 Ι
92 1738 170 1794 buere
184 1733 263 1802 dicit,
289 1745 346 1791 ete
361 1734 434 1790 coelo
447 1732 594 1791 demittere
608 1735 638 1791 ln
653 1752 705 1791 nos
721 1753 815 1791 rorem
836 1735 1020 1810 pluviamque
1034 1745 1066 1792 ut
1085 1725 1195 1794 fruetus
1209 1734 1281 1795 iera·

86 1847 150 1890 mus
161 1828 278 1886 salutis:
300 1833 320 1864 ‘⁴
331 1827 413 1887 Siout
424 1827 502 1885 arida
515 1837 597 1894 terra,
610 1829 705 1885 sinon
718 1827 857 1904 pereipiat
870 1826 1030 1896 humorem,
1042 1847 1101 1888 uon
1111 1829 1277 1888 fruetificat:

82 1925 129 1985 sio
141 1933 168 1980 et
180 1942 234 1981 nos
247 1923 357 1999 lignum
372 1922 481 1980 aridum
495 1923 650 1980 existentes
666 1923 800 1997 primum,
818 1939 976 1994 numquam
989 1922 1224 1982 fructificaremus
1237 1923 1280 1980 ri·

84 2035 144 2082 tam
157 2021 218 2077 sine
231 2037 357 2095 superna
370 2019 528 2076 voluntaria
542 2017 685 2094 pluvia.¹'⁴

127 2121 173 2174 20.
193 2118 225 2175 S.
241 2115 437 2174 Carmanos:
461 2125 481 2150 ‘⁴
493 2114 527 2172 ln
541 2113 620 2172 nullo
634 2113 822 2189 gloriandum,
838 2113 952 2187 quaudo
965 2122 1093 2174 nostrum
1108 2114 1180 2173 nihil
1194 2113 1280 2193 sit.'’³¹

129 2218 172 2271 tt.
192 2213 226 2269 S.
240 2213 431 2270 Ausxosros:
455 2210 603 2282 “Ubique
618 2209 737 2267 Domini
753 2210 840 2267 virtus
860 2209 962 2269 studiis
986 2218 1155 2287 cooperatur
1178 2209 1278 2269 huma·

37 2288 42 2375 ’,
96 2308 145 2374 nis,
165 2316 195 2364 ut
208 2324 294 2364 nemo
308 2306 400 2382 possit
413 2304 552 2362 edificare
566 2304 628 2361 sine
643 2304 780 2372 Domino,
801 2321 888 2363 nemo
901 2303 1058 2378 quidquam
1074 2304 1200 2381 incipere
1213 2304 1278 2363 sine

43 2444 47 2453 ·
103 2400 259 2462 llonino.”⁸

37 2478 51 2565 ἶ
133 2499 173 2552 22.
194 2495 225 2551 S.
241 2493 444 2551 Hmaonussns
455 2493 498 2565 ¹ait
518 2499 539 2529 “
551 2491 708 2550 Dominum
723 2492 811 2567 gratia
824 2509 943 2552 suanos
963 2493 994 2552 in
1007 2491 1129 2570 singulis
1143 2491 1278 2570 operibus

38 2580 50 2639 Ῑ
103 2593 181 2667 jurare
194 2599 278 2662 atque
292 2587 497 2646 sustentare.”⁷

37 2668 45 2747 ἶ
133 2690 172 2744 23.
187 2687 219 2743 S.
229 2685 422 2743 Anousuuuos
432 2683 556 2740 noscitur
564 2701 601 2740 ex
612 2683 740 2759 professo
751 2682 846 2758 gratia
855 2677 1051 2741 necessitatem
1061 2697 1276 2758 propugnasse:

37 2762 43 2772 ⁵
104 2800 173 2840 uuum
183 2791 230 2839 aut
243 2781 364 2838 alterum
379 2777 508 2835 dabimus
523 2777 585 2853 ejus
600 2778 812 2834 testimonium:
835 2785 855 2813 ‘⁸
869 2777 938 2834 Non
951 2777 1006 2833 ait:
1026 2776 1152 2847 quisine
1169 2792 1216 2832 me
1223 2791 1279 2851 pu·

104 2877 276 2951 rumpotestis
286 2875 389 2942 faeere,
399 2875 449 2931 sed
458 2872 536 2931 otti!
548 2873 666 2949 potestis
676 2872 777 2929 lacere.
800 2872 867 2930 Sive
876 2890 944 2948 ergo
954 2888 1064 2947 parum,
1074 2871 1135 2926 sive
1145 2870 1279 2939 multum,

102 2973 147 3030 sine
159 2973 208 3029 illo
221 2971 284 3028 fieri
298 2989 356 3028 non
371 2977 474 3045 potest,
489 2969 551 3025 sine
565 2985 623 3039 quo
637 2966 708 3023 nihil
722 2966 783 3023 lieri
798 2964 1000 3041 potest.”⁸-“
1014 2964 1082 3022 Non
1094 2964 1170 3020 enim
1185 2962 1277 3020 dixit:

100 3064 306 3123 misericordiam
328 3071 496 3120 eonseoutus
511 3079 586 3125 sum,
601 3058 672 3135 quio
683 3057 786 3136 fidelis
802 3075 905 3127 oram3
926 3057 978 3115 sed
991 3063 1025 3114 ut
1035 3055 1140 3134 fidelia
1160 3072 1253 3113 essem
1263 3075 1278 3122 ,⁰

96 3160 150 3219 bino
163 3157 317 3218 ostendens
331 3157 416 3215 etiam
431 3156 525 3232 ipsam
539 3154 626 3211 fidem
640 3153 747 3221 haberi,
760 3152 815 3210 nisi
829 3152 895 3210 Deo
906 3154 1056 3211 miserante
1068 3170 1126 3210 non
1141 3167 1237 3227 posse,
1250 3157 1279 3207 et

93 3273 147 3314 esse
160 3255 267 3332 donum
282 3252 387 3312 Dei.'’⁰

121 3355 170 3410 24.
191 3350 312 3408 Aooedit
332 3349 404 3407 ratio
418 3346 605 3422 Theologioa.
647 3344 744 3411 Quum
768 3344 849 3403 beata
871 3345 927 3404 Dei
940 3344 1014 3404 risio
1028 3344 1066 3401 sit
1087 3344 1153 3402 finis
1172 3352 1278 3404 naturoe

85 3445 211 3506 ordinem
225 3444 381 3511 excedens,
396 3441 523 3500 subsidia
537 3440 649 3500 adeam
664 3438 884 3514 comparandam
898 3439 1028 3498 ordinem
1048 3439 1124 3496 hune
1138 3439 1279 3498 excedant

80 3550 211 3619 oportet:
233 3559 302 3617 ergo
317 3539 430 3598 auxiliis
446 3536 705 3615 supernaturalibus
716 3534 812 3610 gratia
824 3550 897 3610 opus
909 3534 971 3601 erit,
981 3540 1012 3590 ut
1023 3533 1087 3605 quie
1101 3533 1277 3606 aliquidque

79 3635 167 3694 saluti
181 3636 226 3695 ria
240 3634 357 3694 struitur
369 3634 463 3695 faeiat.

452 3789 495 3854 (l)
514 3787 567 3837 Jae.
578 3785 595 3835 i.
605 3787 646 3833 16.

455 3871 492 3931 (2)
510 3871 575 3920 Diei.
586 3885 644 3920 cum
656 3866 799 3932 Tryphone,
809 3881 836 3917 n.
847 3865 902 3918 102.

448 3959 486 4019 (3)
504 3954 535 4003 L.
544 3955 576 4003 iv.
587 3953 641 4002 adv.
651 3953 709 4002 lter.
720 3968 742 4001 e.
753 3952 821 4000 xxri.

449 4040 486 4099 (4)
505 4037 535 4087 L.
546 4037 581 4086 iii.
591 4053 613 4086 o.
623 4036 675 4086 xix.

342 4167 346 4176 .
447 4125 485 4184 (o)
503 4121 534 4170 L.
545 4120 578 4170 iii.
590 4120 622 4171 sd
633 4118 775 4180 Quirinum,
785 4132 807 4167 o.
817 4116 851 4167 ir.

449 4207 492 4271 (6)
511 4204 543 4255 L.
554 4205 579 4254 ii.
590 4206 618 4254 in
628 4203 732 4263 Luesm,
742 4219 765 4252 o.
775 4202 810 4252 iii.

449 4291 493 4361 (7)
511 4291 541 4342 L.
552 4290 586 4340 iii
597 4297 681 4340 eontm
691 4289 775 4350 Pelag.

445 4383 484 4440 (8)
504 4377 586 4427 Traot
597 4375 675 4426 lxxxi.
682 4376 710 4424 in
719 4374 793 4424 Joen.

330 4461 333 4466 '
446 4463 484 4526 (9)
500 4460 531 4510 L.
542 4461 573 4511 de
584 4458 669 4510 Gratis
679 4464 705 4507 et
714 4456 755 4508 lib.
766 4455 816 4506 arb.
827 4469 849 4505 o.
860 4453 901 4503 vii.

628 4547 686 4603 23*
