2744 5024
137 240 193 298 ras
468 200 530 335 nu
548 240 713 302 susurru
734 240 991 304 suuunsrra

138 378 141 383 ¹
179 400 249 455 202.
271 396 353 456 Patet
367 396 452 474 igitur
469 399 549 456 omni
573 417 690 474 prorsus
711 400 808 476 specie
822 400 882 458 veri
903 399 1020 458 destitui
1042 398 1122 458 illam
1136 396 1308 461 Prisstltiist

140 491 259 553 aliorum
273 493 469 563 assertionem,
479 493 625 553 lustinum
641 494 788 555 Platonica
801 496 905 574 placita
914 494 950 555 de
961 496 1059 556 Verbo
1069 497 1101 555 in
1114 496 1265 556 Ecclesiam
1274 499 1304 557 iu

132 590 256 652 vexisse.
1025 646 1028 652 .

169 692 244 759 208.
269 688 336 768 otj.
351 692 381 748 t.
402 688 533 748 lustinus
547 689 673 764 loquitur
685 688 720 748 de
731 690 817 758 Filio,
829 700 971 763 tamqnam
984 688 1041 748 Dei
1055 689 1302 763 ministrorumque

134 795 200 860 post
213 783 308 844 Dourn
324 784 450 865 secundo
463 785 538 853 loco,
559 788 611 840 orer
628 784 702 841 ducor
713 802 744 840 ca
763 791 831 847 ὄντος
849 792 889 839 ssa
907 792 1088 854 pasotrem
1106 807 1132 840 rr
1148 787 1242 854 δευτεςᾳ
1256 800 1302 855 tarr
1330 812 1333 817 ·

133 887 242 950 *ronse
257 883 426 942 christianos
440 883 533 941 colere
546 882 623 940 dicit.
664 880 754 959 Igitur
767 880 885 939 nonnisi
898 880 1162 957 prestantissimam
1176 892 1302 938 creaturan

138 960 204 1034 eum
219 977 326 1047 habuit,
342 979 388 1036 cui
402 997 508 1036 nomen
523 976 579 1036 Dei
592 974 688 1035 minus
702 977 816 1053 proprie
832 977 1007 1034 tribueretur.

174 1075 244 1129 204.
265 1071 355 1150 Rerp.
377 1070 457 1130 Dicit
477 1071 593 1144 quidem
616 1071 747 1129 lustinus
770 1070 878 1128 Filium
902 1070 994 1128 Patris
1009 1070 1170 1129 ministrare
1184 1069 1301 1135 voluntati,

133 1169 304 1241 ὑπηρετωτῃ
315 1176 392 1241 desp
413 1170 500 1224 ἄκου’
522 1187 578 1241 qna
592 1169 700 1226 ratione
720 1176 748 1225 et
769 1186 954 1244 personarum
973 1167 1195 1234 distinctionem,
1214 1177 1240 1224 et
1254 1165 1303 1223 rtlr·

136 1265 243 1323 tionem
257 1265 324 1323 Filii
339 1264 373 1322 ad
387 1265 512 1332 Patrem,
527 1264 642 1331 indicat,
655 1276 684 1323 et
692 1263 814 1341 judaicae
829 1264 943 1323 obviam
954 1264 976 1322 it
988 1265 1159 1342 suspicioni,
1170 1282 1204 1322 ne
1217 1280 1303 1321 snmus

134 1359 191 1417 Dei
205 1361 339 1436 majestas
359 1360 511 1419 minuatur.
554 1359 700 1418 Caeterum
715 1379 751 1419 eo
765 1362 829 1437 ipso
844 1361 908 1419 loco
927 1359 1125 1418 animadvertit
1138 1378 1202 1417 eum
1221 1374 1303 1419 nuncn-

131 1456 193 1532 pari
208 1456 238 1514 in
252 1455 407 1533 Scripturis
422 1456 527 1524 Deum,
542 1465 571 1515 et
583 1475 648 1514 esse
663 1455 779 1529 quidem
794 1455 901 1523 Deum,
923 1455 973 1514 sed
986 1466 1017 1514 et
1029 1455 1173 1545 angelum,
1194 1473 1241 1512 sen
1252 1470 1304 1511 nun·

132 1553 203 1611 tium
218 1572 235 1610 a
248 1551 347 1621 Patre;
362 1572 429 1613 eum
443 1554 552 1613 scilicet
568 1565 667 1613 censet
680 1572 744 1612 esse
759 1556 809 1628 qui
823 1554 955 1621 Abrahae,
969 1552 1051 1612 Isaac
1065 1562 1094 1611 et
1106 1552 1196 1612 Jacob
1209 1551 1303 1623 aliisque
1334 1564 1346 1645 p

26 1688 29 1697 ·
124 1640 127 1645 ¹
133 1648 282 1725 prophetis
296 1649 375 1729 risus
390 1658 451 1708 est:
472 1657 741 1722 αναγεγραμμενοςθεος
758 1683 765 1698 ·
784 1685 791 1701 .
810 1685 817 1699 ·
834 1684 841 1700 .
859 1649 1025 1712 ἀυτοςώνκω
1038 1652 1346 1735 oroemnyyrrosmo']

130 1761 160 1798 ra
184 1761 274 1814 ‚reaper
290 1751 463 1816 macomus·
504 1745 549 1803 Ea
563 1745 598 1802 de
614 1764 700 1802 causa
713 1744 840 1802 secundo
860 1744 935 1811 loco,
956 1759 1022 1811 μετα
1035 1759 1079 1797 cor
1095 1749 1158 1805 θεον,
1180 1759 1241 1800 cunr
1255 1738 1306 1798 dicit
1338 1738 1346 1782 '·

120 1838 253 1908 ¹adorari,
278 1849 319 1901 ut,
332 1841 535 1918 intelligeretur
549 1842 642 1899 Patris
656 1841 762 1898 cultum
784 1840 907 1897 illesum
922 1857 1047 1905 manere,
1073 1837 1165 1896 Filius
1185 1838 1254 1895 enim
1264 1851 1304 1892 uus

133 1955 199 1995 cum
214 1936 279 2012 ipso
292 1936 429 1994 colendus
444 1947 497 1995 est.
540 1937 729 1994 Personarum
745 1935 853 2002 relatio,
869 1953 927 1992 non
947 1935 1040 1992 cultus
1062 1932 1220 2000 diversitas,
1239 1929 1304 2007 plane
1334 2000 1343 2009 .

133 2034 319 2111 significatur,
340 2052 407 2091 narn
422 2035 546 2110 Trypho
562 2032 668 2091 idcirco
688 2032 835 2090 contendit
848 2032 969 2107 impium
983 2048 1048 2088 esse
1069 2029 1207 2104 crucifixo
1219 2022 1305 2086 homiui

130 2149 197 2188 eum
212 2129 337 2187 deferre:
359 2146 523 2200 κροσκινητω
542 2134 625 2183 tum-⁴
664 2130 803 2188 Econtra
825 2147 892 2186 eum
913 2127 1037 2185 vindicat
1059 2126 1192 2184 Justiuus
1215 2124 1305 2183 recitsto

130 2226 258 2294 Psalmo,
272 2227 369 2299 inquo
381 2226 498 2283 thronus
512 2226 575 2301 ejus
589 2225 690 2283 dicitur
704 2227 732 2283 in
748 2225 862 2291 saecula,
874 2225 994 2300 ipseque
1005 2223 1086 2281 Dens
1096 2215 1305 2299 appellaruccul·
1332 2254 1346 2303 Ι·

130 2334 160 2381 tu
185 2341 299 2382 summo
323 2322 524 2383 honorandus:
545 2325 655 2392 soporos
670 2342 705 2384 aa,
721 2325 805 2384 ὁθεος,
821 2327 854 2384 te
872 2337 916 2376 ror
931 2319 1006 2374 dmm
1020 2336 1065 2374 coo
1082 2324 1166 2382 αἰωπς
1183 2328 1202 2355 “
1212 2317 1305 2376 thronus

132 2420 208 2491 tuus,
223 2421 315 2490 Deus,
336 2420 514 2480 insaeculum
535 2418 632 2476 seculi
645 2417 676 2474 :’'
717 2434 916 2487 npoczomcoccrr
933 2414 999 2499 spru
1024 2414 1210 2474 “adorabunt
1228 2404 1307 2478 conf*

59 2572 62 2579 .
81 2504 91 2577 *l
131 2519 207 2577 Eum
223 2530 287 2577 ante
301 2537 401 2578 omnes
416 2526 556 2575 creaturas
574 2516 701 2592 genitum
716 2511 877 2589 sepissime
891 2509 969 2576 dicit,
986 2527 1034 2580 προ
1050 2525 1152 2566 aurov-
1164 2528 1211 2566 cm
1227 2523 1307 2574 actoru

80 2582 90 2693 J
132 2635 181 2671 των
192 2619 205 2670 ὃ
217 2625 268 2678 θεος
278 2637 404 2687 γεγεννηκε
417 2618 515 2682 dovotus
526 2630 582 2667 stro
592 2612 616 2675 ἐξ
628 2617 714 2667 ἑαυτου
723 2628 824 2683 toyrxryr
831 2611 851 2665 :⁶
873 2616 892 2643 ‘⁴
902 2617 966 2664 ante
981 2624 1081 2663 omnes
1096 2601 1234 2664 creaturas
1248 2605 1310 2663 Deus

76 2696 84 2767 i
131 2705 230 2780 genuit
244 2705 386 2762 Virtutem
400 2702 541 2777 quandam
557 2701 721 2759 rationalem
736 2719 774 2758 ex
788 2702 931 2779 seipso.''⁰
973 2712 991 2739 ‘⁶
1003 2702 1061 2760 Sed
1073 2703 1135 2762 ltaec
1147 2705 1209 2780 ipsa
1220 2708 1311 2759 vertex

74 2770 83 2879 1
133 2802 218 2862 Patre
244 2802 351 2878 prolata
372 2801 536 2878 progenies,
562 2809 626 2856 ante
648 2818 692 2856 res
707 2818 808 2858 ornnes
831 2813 938 2858 creatas
953 2821 1009 2860 una
1029 2811 1089 2859 erat
1102 2821 1168 2859 cum
1182 2802 1272 2864 Patre.
1293 2796 1316 2846 θ*

74 2882 78 2887 ’
133 2920 198 2958 curn
214 2920 247 2958 ea
262 2900 347 2957 Pater
360 2895 605 2970 colloquebatur.'’
637 2897 780 2969 Equidem
794 2899 850 2956 nisi
863 2899 969 2956 fllium
982 2917 1047 2957 vere
1058 2898 1154 2957 Deum
1167 2895 1318 2975 agnovisset

129 2994 427 3069 Justinus‚perperam
442 3011 476 3049 ea
490 3010 559 3049 voce
575 3009 643 3048 usus
658 2993 767 3060 luisset,
781 3013 846 3051 cum
861 2993 966 3052 divinas
978 2995 1136 3071 majestatis
1149 2993 1321 3052 detrimento

130 3103 159 3148 et
172 3088 341 3165 Tryphonis
356 3087 534 3145 offensione:
563 3096 591 3143 et
605 3098 661 3143 tota
681 3088 729 3144 illa
743 3089 899 3165 disputatio
913 3091 948 3149 de
963 3091 1080 3150 Christo
1102 3091 1167 3149 Deo
1181 3091 1322 3148 verborum

132 3184 313 3259 ambiguitate
337 3183 405 3239 nixa
420 3181 529 3238 suisset.
572 3182 648 3240 Eum
674 3187 839 3257 provocavit
860 3187 986 3263 Trypho
1005 3198 1036 3244 ut
1060 3187 1224 3245 ostenderet
1239 3182 1326 3243 aliuIu

132 3289 234 3357 praeter
248 3295 340 3336 rerum
357 3276 532 3335 conditorem
554 3277 650 3334 Deum
666 3280 693 3335 in
710 3281 865 3357 Scripturis
879 3285 1031 3352 nominari,
1053 3303 1140 3359 sensu
1162 3284 1272 3341 seilicet
1288 3268 1331 3329 ⁰¹?

131 3376 178 3432 rio
193 3385 221 3431 et
235 3374 349 3441 nativ03
371 3373 418 3430 cui
431 3382 463 3429 ut
476 3371 662 3446 responderet
674 3374 816 3445 lustinus,
832 3378 954 3453 plurima
967 3378 1102 3447 laudavit,
1118 3380 1191 3437 inter
1205 3397 1267 3451 quae
1291 3359 1334 3425 illl

132 3470 265 3547 praeclare
275 3470 310 3527 de
323 3469 433 3528 Messia
445 3469 594 3526 vaticinia:
617 3474 710 3533 {operm
720 3489 813 3527 ποιενεε
826 3492 870 3535 ως
881 3481 978 3543 upapam
988 3493 1032 3530 6ου
1043 3482 1098 3530 θεον
1109 3476 1190 3546 lpus:
1212 3485 1234 3511 ⁴⁴
1243 3469 1340 3532 reoffl

131 3570 213 3627 facite
228 3569 343 3627 semitas
359 3568 414 3626 Dei
429 3568 518 3625 nostri
528 3567 561 3625 :⁹⁹
577 3573 644 3621 ἐιπον
656 3586 710 3632 τως
720 3573 817 3624 notem
828 3573 908 3624 16666·
921 3574 973 3626 troo
984 3573 997 3625 ὁ
1010 3579 1062 3634 θεος
1072 3587 1153 3641 opor:
1170 3581 1189 3609 ‘⁶
1200 3571 1246 3630 dic
1260 3550 1342 3629 „ivl-

132 3668 234 3727 tstibus
249 3666 341 3726 Juda:
365 3684 431 3740 ecce
446 3664 526 3722 Deus
543 3664 667 3722 vester.'’

464 3905 501 3964 (l)
519 3903 591 3966 Apol.
603 3902 618 3952 i.
628 3919 652 3951 n.
665 3904 704 3964 13,
716 3919 739 3967 p.
754 3904 811 3954 136.

463 3987 506 4053 (2)
526 3988 589 4037 Dial.
599 4005 655 4037 cum
667 3988 760 4053 Tryph.
772 4005 797 4038 n.
812 3991 867 4050 126,
878 4005 902 4055 p.
911 3993 971 4041 ³28.

464 4075 502 4133 (3)
520 4073 620 4121 Ibidem.

462 4155 505 4220 (t)
524 4156 559 4205 N.
571 4159 612 4215 38,
623 4172 646 4219 p.
659 4159 699 4204 98.

462 4245 500 4305 td)
518 4241 552 4289 Ν.
565 4244 605 4301 61,
617 4258 641 4305 p.
656 4244 710 4290 164.

463 4329 500 4392 (t)
519 4327 585 4377 Diu.
595 4343 620 4378 n.
633 4330 673 4388 62,
683 4344 707 4393 p.
722 4332 780 4379 ree.
