2744 5024
429 295 486 355 1111
508 292 679 385 neurim
700 296 842 356 narso.
1194 302 1232 358 ss

103 456 153 511 161.
170 450 323 510 Probatur
335 448 392 511 IV.
408 468 444 510 ec
453 451 562 510 intimo
575 451 788 530 crpuecumque
802 471 901 521 aenou,
916 455 1115 528 uuusquisque
1127 457 1236 532 quippe

76 548 171 605 uutitse
191 547 270 604 nulla
291 547 461 604 necessitate
487 547 606 623 impelli,
622 547 673 603 sed
688 549 733 605 sui
757 558 837 605 actus
861 567 925 606 esse
947 549 1105 616 dominum,
1122 550 1193 607 adeo
1207 561 1239 608 ut

77 659 132 719 ipsu
152 642 193 698 vel
217 660 276 699 non
299 660 383 717 agere
408 643 510 717 possit,
526 643 571 699 vel
593 644 764 700 contrarium
787 643 889 700 elicere
910 653 1014 702 actum.
1056 645 1162 703 Intimo
1182 645 1238 702 hoc

77 756 134 795 unsa
149 732 346 796 discernuntur
360 746 454 795 mutus
465 736 661 804 indeliberoti,
677 757 750 810 quos
760 740 893 797 cohibere
903 759 961 799 uon
973 759 1138 816 possumus,
1154 743 1187 798 ab
1203 741 1238 797 iis

77 832 109 904 qui
119 829 262 890 deliberato
276 832 358 890 fiunt.
392 831 456 890 Nec
465 834 593 890 intimius
605 835 745 890 certiusve
757 835 889 891 novimus
904 843 933 891 et
944 836 1083 893 sentimus
1098 855 1151 892 nos
1162 855 1238 904 esse,

76 945 132 1001 qam
155 927 206 984 hac
221 927 330 1003 pollere
344 927 476 985 facultate
490 927 594 1003 agendi
609 929 653 985 vel
669 947 726 985 non
741 928 867 1003 agenrli.¹
907 929 982 987 Item'
1004 930 1125 1001 quisque
1141 931 1258 987 intime·

76 1021 133 1083 satit
144 1022 275 1078 meritum
284 1021 433 1098 culpamve
448 1023 477 1078 in
493 1023 528 1078 iis
544 1039 600 1079 non
613 1023 731 1098 reperiri
744 1040 807 1093 quae
822 1041 859 1079 ex
872 1032 978 1080 natura
992 1024 1159 1079 necessitate
1174 1042 1241 1080 con-

76 1118 170 1194 trpnt:
186 1137 238 1193 par
251 1128 346 1176 autem
358 1128 403 1175 est
416 1120 486 1177 ratio
498 1119 697 1191 undecumque
712 1119 868 1176 necessitas
884 1119 997 1185 oriatur,
1011 1130 1040 1175 et
1054 1137 1241 1191 quacumque

74 1213 178 1270 situuimi
191 1213 353 1280 delectatio,
368 1217 393 1270 si
408 1224 437 1271 et
448 1216 519 1289 'ipsa
533 1233 570 1271 ex
587 1215 755 1272 necessitate
777 1215 934 1290 proveniat.
976 1215 1074 1280 Quum
1089 1215 1175 1290 igitur
1191 1215 1242 1272 ho-

44 1352 47 1357 -
76 1310 139 1366 aium
163 1321 315 1386 peccantes
340 1310 468 1368 mordeat
491 1312 676 1378 conscientia,
701 1313 772 1394 bene
794 1325 910 1387 agentes
930 1310 997 1368 verb
1021 1314 1130 1387 probet,
1154 1313 1244 1385 liquet

76 1421 280 1479 ununquemque
294 1407 423 1463 intimius
437 1408 543 1464 sentire
558 1426 589 1464 se
610 1408 731 1464 liberum
745 1426 809 1464 esse
825 1409 859 1464 ab
874 1409 953 1465 omni
974 1408 1103 1465 absoluta
1118 1410 1243 1467 necessi·

77 1508 120 1557 ate.
221 1535 225 1540 ·

103 1600 156 1655 lta.
180 1596 313 1674 otj.1.0
334 1599 489 1674 Apostolus
504 1617 536 1656 se
556 1599 724 1656 necessitate
748 1599 838 1674 premi
860 1599 1006 1671 queritur:
1029 1600 1144 1667 “Quod
1166 1602 1243 1660 enim

76 1709 157 1767 operm,
175 1713 233 1752 non
248 1695 395 1771 intelligo;
410 1696 560 1752 non-enim
575 1695 650 1768 quod
668 1695 732 1752 volo
747 1697 864 1761 bonrum,
880 1696 934 1751 hoc
949 1714 1021 1770 ago;
1038 1696 1090 1753 sed
1104 1699 1180 1768 quod
1196 1700 1244 1756 odi

77 1787 165 1855 11111111,
179 1789 249 1846 illud
264 1790 349 1848 lacis.
371 1793 388 1826 ¹*
409 1793 426 1826 ¹*
446 1793 462 1827 ¹*
483 1788 578 1847 Video
594 1805 687 1846 autern
703 1789 787 1844 aliam
801 1788 894 1864 legem
909 1791 939 1845 in
952 1791 1088 1846 membris
1105 1793 1186 1856 meis,
1202 1812 1245 1850 re·

77 1894 223 1956 pugnantem
237 1884 294 1959 legi
309 1884 412 1941 mentis
428 1902 509 1950 mem,
521 1895 550 1940 et
558 1885 747 1959 captivantem
762 1900 807 1937 rue
821 1883 850 1938 iu
865 1883 927 1956 lege
943 1884 1061 1956 peccati,
1077 1902 1142 1955 quae
1158 1896 1201 1942 est
1216 1887 1246 1944 in

79 1980 185 2036 membris
201 1979 319 2038 meis.‘’⁹

105 2077 158 2131 166.
177 2073 269 2150 Resp.
292 2075 421 2151 Pugnam
434 2093 547 2131 carnem
559 2068 632 2131 inter
643 2086 671 2130 et
681 2075 812 2149 spiritum
823 2072 978 2147 Apostolus
988 2072 1132 2143 describit,
1145 2076 1179 2133 de
1192 2097 1248 2151 qua

80 2165 219 2228 aliusdicit:
242 2180 261 2207 ‘⁶
272 2190 338 2228 earo
352 2172 530 2246 concupiscit
544 2171 679 2226 adversus
695 2170 843 2244 Spiritum,
860 2169 984 2244 Spiritus
999 2181 1092 2228 autem
1111 2173 1247 2231 adversus

80 2267 210 2324 61111111.”1
250 2268 297 2324 De
311 2269 434 2326 motibus
456 2265 669 2333 indeliberata,
685 2269 725 2324 uti
747 2267 834 2333 aiunt,
850 2267 1090 2343 concupiscentia
1112 2271 1246 2343 loquitur,

81 2359 154 2428 qubus
167 2364 340 2423 voluntatem
350 2364 509 2439 repugnare
521 2362 651 2419 declarat:
668 2362 786 2438 proinde
799 2381 854 2419 nou
869 2363 943 2420 lavet
954 2363 1137 2437 Jauseuianis
1149 2369 1248 2426 aliisve

82 2457 224 2518 rolunmem
236 2462 398 2519 necessario
413 2461 637 2536 complacentem
652 2461 707 2517 sibi
722 2462 750 2518 in
767 2461 841 2517 malo
853 2463 1049 2520 statuentibus.

109 2555 160 2614 167.
183 2554 251 2634 obj.
266 2562 296 2613 2.
320 2556 364 2613 De
386 2557 422 2613 iis
436 2556 486 2627 qui
501 2555 635 2611 resistunt
655 2555 764 2611 veritati
786 2553 872 2610 dicit:
896 2564 916 2590 ‘⁴
928 2556 1099 2631 resipiscant
1112 2579 1128 2615 a
1143 2559 1249 2618 diaboli

83 2641 174 2718 ltquds,
190 2670 206 2707 a
220 2670 278 2724 quo
300 2651 404 2726 captivi
420 2659 549 2707 tenentur
570 2649 604 2706 ad
619 2649 712 2724 ipsius
733 2648 954 2706 voluntatem.”⁴
992 2650 1026 2706 ld
1040 2651 1076 2707 de
1096 2652 1185 2728 lapsis
1201 2654 1250 2711 ho·

83 2741 178 2804 niuibus
192 2748 327 2804 universe
341 2746 436 2803 dicere
449 2746 526 2802 licet.

111 2842 163 2899 168.
181 2841 272 2919 Reep.
295 2831 435 2918 Speciali's
449 2841 503 2898 suit
515 2839 656 2916 Apostolo
671 2839 741 2894 ratio
755 2836 790 2894 de
813 2839 851 2893 iis
866 2836 894 2893 id
910 2838 1064 2905 asserendi,
1080 2841 1187 2916 quippe
1208 2862 1251 2900 re·

84 2939 207 3011 pugnando
221 2941 332 2998 veritati
346 2958 410 2996 sese
422 2938 634 2996 mendaciorum
650 2935 721 3011 patri
736 2935 951 3010 manciparunt:
967 2935 1002 2993 de
1013 2938 1115 3008 quibus
1131 2940 1250 3014 proinde
1291 2982 1292 2985 ¹
1349 2984 1353 2995 .

85 3042 129 3099 tere
139 3053 199 3092 cum
213 3033 361 3092 Bernardo
375 3033 516 3091 dicimus:
534 3041 553 3068 ‘⁴
565 3032 704 3088 Voluntas
716 3039 769 3098 est,
782 3047 845 3102 quae
858 3047 899 3097 se,
915 3049 981 3088 cum
995 3042 1072 3089 esset
1083 3033 1180 3102 libera,
1194 3054 1251 3094 ser·

85 3136 129 3184 ltu
140 3129 202 3188 lecit
215 3131 326 3207 peccati
339 3142 456 3206 peccato
472 3127 702 3186 assentiend0.''⁵

40 3298 45 3309 1
114 3226 168 3283 169.
194 3207 261 3304 Obj.
278 3231 306 3283 s.
328 3226 506 3301 Augustinus
521 3225 574 3282 ait:
598 3223 732 3281 “Libero
747 3223 862 3281 arbitrio
883 3224 957 3281 male
971 3234 1054 3282 utens
1069 3226 1156 3285 homo
1171 3239 1200 3285 et
1219 3246 1251 3288 se

84 3318 178 3385 redidit
195 3331 225 3378 et
244 3321 389 3397 ipsum.”⁸
408 3359 410 3363 .
429 3330 449 3357 ‘⁴
460 3321 618 3392 Postquam
637 3318 726 3376 libera
747 3329 841 3376 autem
863 3319 926 3395 ipse
947 3320 1089 3379 voluntate
1113 3327 1250 3399 peccavit,

84 3424 121 3470 161
130 3417 156 3474 in
176 3418 377 3477 necessitatem
392 3418 560 3493 praecipitati
580 3434 690 3482 sumus,
707 3417 755 3487 qui
770 3417 804 3472 ab
818 3416 881 3492 ejus
903 3418 991 3491 stirpe
1005 3417 1252 3479 descendimus.'’⁷

85 3507 162 3575 “bin
174 3499 304 3590 peccavit
316 3513 458 3581 voluntas,
473 3523 569 3571 secuta
583 3523 627 3570 est
641 3522 804 3587 peccantem
820 3521 969 3589 peccatum
983 3499 1105 3570 habendi
1122 3515 1189 3571 dtrra
1204 3536 1252 3574 ue-

83 3606 222 3666 usam&
263 3595 414 3666 “Multum
435 3626 523 3676 erras,
537 3609 586 3684 qui
602 3608 646 3664 vel
667 3599 864 3664 necessitatem
880 3606 986 3663 trullam
1007 3619 1089 3682 putas
1109 3626 1173 3665 esse
1188 3629 1253 3685 pec·

105 3778 135 3841 (1)
150 3787 163 3813 “
172 3779 242 3830 (l’est
251 3795 294 3832 ma
303 3795 390 3845 propre
401 3780 508 3841 volente,
524 3783 551 3846 js
560 3782 583 3831 le
592 3781 636 3840 sai
644 3782 670 3845 jo
680 3780 704 3829 le
715 3781 875 3852 senaetjels
886 3778 988 3828 connais
997 3780 1063 3829 aussi
1074 3782 1255 3848 certainement,

41 3866 45 3873 '
80 3865 147 3928 llltjs
161 3865 213 3916 suis
224 3863 363 3916 convaincu
372 3865 403 3916 de
418 3881 478 3917 mon
488 3864 635 3916 existeues.’'
669 3863 685 3912 J
687 3863 798 3925 acquelot
815 3878 858 3912 sur
875 3861 1016 3912 l'sxisteuos
1035 3863 1066 3912 de
1082 3863 1147 3932 Disu
1158 3867 1203 3917 dis.
1223 3870 1255 3918 11.

81 3946 145 3997 aviij,

107 4028 142 4096 (2)
158 4032 230 4080 Rem.
241 4030 283 4079 vii.
295 4031 337 4078 2³.

106 4116 136 4176 (³)
152 4117 206 4166 Gal.
217 4132 241 4165 v.
253 4118 293 4164 17.

92 4186 94 4193 ’
102 4198 138 4273 (4)
152 4198 177 4248 ii.
187 4198 255 4248 Tim.
267 4197 300 4247 11.
312 4199 354 4245 ae.

108 4281 139 4340 (b)
155 4282 232 4330 Sem.
244 4283 285 4330 el.
296 4280 323 4330 in
334 4286 398 4330 cant.
408 4295 435 4329 n.
447 4284 470 4329 7.

40 4386 42 4391 ·
108 4364 140 4424 (6)
157 4365 189 4414 lu
198 4363 342 4414 Enchiridio
353 4379 376 4414 c.
387 4366 429 4424 80,
440 4370 457 4414 t.
467 4363 500 4414 ri.

111 4445 148 4512 (1)
163 4447 234 4513 nup.
245 4447 276 4498 IL
287 4454 372 4497 oonua
379 4447 544 4499 Fortunatam
554 4463 580 4499 11.
591 4451 633 4497 22.
713 4492 714 4497 ,

113 4530 150 4596 (8)
166 4532 197 4583 1..
206 4533 237 4584 de
246 4533 344 4601 perfect
352 4533 412 4598 just
422 4547 444 4583 e.
455 4533 481 4583 t.
