2744 5024
92 276 132 335 ⁶⁰
439 276 497 336 DE
518 274 717 337 PEOOATO
737 272 936 336 ORlGlNlS.

92 443 197 491 natura
212 432 355 492 adstruere
368 432 499 492 ridentur
508 432 665 511 objicienti,
680 433 845 510 rospondit:
862 443 883 470 ⁴⁴
893 430 1005 490 h’uttar
1020 438 1065 489 ert
1075 450 1096 489 u
1109 430 1264 489 sordemus

91 527 159 596 dur,
174 530 214 587 ait
225 529 293 598 lob,
305 547 357 588 nec
368 529 396 588 εἰ
409 529 450 587 ait
461 527 580 606 quidem
593 546 656 587 una
666 528 729 587 dier
741 529 804 587 uita
815 529 888 607 q'us.
930 528 1036 586 Dicant
1049 546 1119 603 ergo
1133 527 1220 593 nobis,
1230 524 1264 582 ubi

91 623 246 682 fornicatus
269 638 313 683 est
326 624 419 682 inians
434 625 539 683 natust
560 625 606 681 vel
621 622 766 696 quomodo
779 625 833 681 sub
853 623 924 683 Ada
944 608 1049 681 cecidit
1067 623 1265 685 execrationem

90 720 140 792 qui
154 720 226 779 nihil
240 732 284 778 est
303 721 457 799 operaturi
500 719 600 777 Restat
619 738 687 796 ergo
701 720 755 786 eis,
769 729 801 776 ut
820 719 941 787 videtur,
955 730 1178 790 consequenter,
1192 729 1220 774 ut
1235 714 1267 773 di·

89 824 156 873 caut
171 816 274 885 malam
290 836 356 877 esse
370 814 594 894 generationem,
608 833 667 873 non
682 814 775 872 solum
791 815 928 890 corporis,
944 814 1095 872 sedetiam
1111 813 1219 879 animae,
1232 824 1270 888 ptr

91 930 176 985 quarn
191 913 289 970 existit
303 931 417 989 corpus.
459 910 499 969 Et
512 909 627 984 quando
638 909 711 967 dixit
722 908 836 966 David:
852 908 1024 985 inpeccatis
1038 915 1193 984 conceptas
1206 920 1272 969 uon»

90 1015 117 1065 ct
130 1008 164 1066 in
178 1007 391 1085 iniquitatibus
411 1004 541 1083 consepsit
561 1022 606 1063 me
627 1012 723 1063 mater
743 1021 822 1073 meur
837 1003 907 1061 dicit
920 1004 1085 1081 prophetice
1100 1003 1214 1077 quidem
1226 1018 1275 1060 mo·

89 1116 161 1163 trem
176 1104 287 1163 Evam:
303 1104 355 1163 sed
369 1104 433 1162 Era
446 1101 562 1176 quidem
577 1101 630 1158 luit
643 1108 739 1159 meter
752 1099 930 1170 uiuentiumr
945 1111 975 1158 et
987 1102 1011 1158 si
1032 1100 1066 1158 in
1075 1099 1207 1177 peccatis
1215 1096 1275 1178 Μ

90 1207 254 1276 conceptus,
270 1210 297 1257 at
311 1218 369 1257 non
383 1200 445 1274 ipse
460 1198 489 1255 iu
503 1207 631 1273 peccato,
647 1214 740 1270 neque
754 1195 820 1253 verd
836 1196 899 1272 ipse
913 1195 1113 1272 peccatum.”¹

131 1299 197 1352 133.
218 1294 307 1371 Rerp.
329 1295 426 1352 Locus
441 1293 488 1351 ille
502 1311 561 1351 non
574 1304 650 1351 caret
663 1292 848 1362 obscuritate
859 1293 997 1351 nonenim
1013 1292 1095 1350 facile
1110 1292 1275 1369 distinguuu

88 1402 135 1448 tur
147 1409 210 1463 quse
225 1390 324 1468 objicit
336 1390 479 1457 Julianus,
494 1389 529 1446 ab
543 1389 579 1446 iis
594 1408 657 1461 quae
679 1407 716 1446 ex
730 1407 782 1444 sua
795 1389 935 1446 sententia
948 1388 1017 1446 dicit
1031 1386 1181 1447 Clemens.
1221 1388 1275 1445 0oe

88 1498 180 1543 terum
201 1486 364 1544 testimonia
386 1485 540 1560 Scripturas
561 1485 665 1556 quibus
689 1494 837 1561 peccatum
858 1483 976 1559 originis
998 1483 1160 1550 adstruitur,
1176 1485 1275 1561 object

86 1580 218 1638 videntur
232 1601 247 1638 a
261 1581 377 1638 Juliauo
400 1590 431 1637 ut
446 1581 508 1656 ipsa
521 1580 665 1654 generatio
685 1579 834 1651 inquinata
855 1578 1012 1637 haberetur.
1056 1580 1152 1646 Quum
1167 1592 1275 1658 repone

87 1685 151 1733 rent
165 1674 310 1734 Catholici
325 1674 439 1733 sordem
462 1674 539 1731 illam
557 1674 592 1731 ab
606 1672 669 1731 Ada
682 1673 813 1740 derivari,
828 1672 961 1733 Julianus
976 1685 1112 1750 provocat
1125 1686 1156 1731 ut
1168 1675 1275 1732 demon

86 1781 185 1840 strant,
201 1772 347 1845 quomodo
356 1772 460 1840 iulans,
472 1770 545 1831 nihil
556 1780 608 1845 p'er
618 1791 649 1830 se
659 1781 802 1846 operatus,
811 1787 845 1825 ea
856 1770 997 1842 inquinari
1006 1771 1165 1845 potuisset?
1178 1769 1275 1850 mgna

85 1884 130 1937 την
145 1884 189 1922 roo
201 1868 274 1937 Auca
280 1868 521 1939 monsnroxsvdgrw
532 1871 787 1938 ropqtrvtvsqusom
803 1864 944 1937 Utrinque
953 1866 1141 1923 conveniebat
1149 1867 1274 1924 inianter

88 1973 152 2013 esse
166 1957 345 2026 inquinatum
359 1975 367 2022 ;
390 1956 548 2012 Catholicis
573 1956 732 2012 dicentibus
746 1950 813 2016 eum
827 1962 880 2017 sub
901 1964 1111 2020 execrationem
1127 1962 1197 2020 Adae
1212 1962 1274 2021 ceos

84 2049 183 2106 disse:
209 2050 326 2106 Juliuno
347 2048 536 2123 respondente
557 2048 766 2108 execrationem
792 2056 967 2128 generationi
991 2057 1058 2132 ipsi,
1081 2069 1179 2133 utpote
1201 2060 1229 2116 io
1249 2074 1274 2113 rs

83 2143 177 2208 malae,
200 2141 321 2207 adnecti,
341 2141 426 2213 idque
448 2139 568 2198 Davidis
590 2142 754 2201 testimonio
775 2147 914 2206 firmante.
958 2151 1003 2207 Ne
1025 2153 1110 2227 igitur
1131 2162 1274 2228 concepta¹

84 2236 142 2312 ipsi
156 2234 269 2293 sordem
286 2237 380 2293 inesse
395 2236 536 2302 fateretur,
553 2236 645 2293 visum
660 2247 705 2294 est
719 2239 862 2299 Clementi
884 2244 980 2301 matris
995 2247 1111 2303 nomine
1126 2248 1220 2305 Evam
1241 2249 1274 2304 ir

83 2330 221 2404 telligere,
237 2331 323 2387 veluti
344 2330 510 2408 prophetice
531 2330 651 2389 Davidis
675 2338 805 2404 matrerm
822 2356 895 2409 quae,
911 2359 999 2412 quum
1022 2343 1176 2401 viventium
1193 2354 1274 2400 mate

81 2435 207 2492 vocetur,
232 2437 361 2501 posteros
382 2445 450 2485 suos
472 2427 568 2483 vivere
589 2428 745 2496 contendit,
760 2450 813 2488 nec
828 2451 891 2491 esse
907 2435 985 2510 ipsos
1001 2450 1126 2512 peccata,
1144 2439 1203 2495 imo
1223 2453 1274 2496 uo:

82 2538 146 2577 esse
161 2521 190 2577 in
204 2533 330 2598 peccato,
342 2541 377 2580 eo
389 2541 475 2580 sensu
488 2521 564 2596 quod
573 2541 632 2580 uon
641 2527 832 2600 generationis
846 2530 873 2586 vi
887 2532 1093 2590 constituantur
1103 2544 1274 2608 peccatore!

82 2619 214 2691 quamvis
230 2619 330 2695 procul
345 2619 431 2678 dubio
445 2630 592 2697 peccatum
613 2621 701 2696 geniti
715 2625 889 2683 contrahant.
932 2628 1063 2687 Prolectb
1080 2617 1221 2688 Clemens
1235 2648 1274 2707 ag

80 2713 160 2770 norit
180 2713 360 2790 Baptismum
376 2734 441 2773 esse
460 2715 604 2772 lavacrum
626 2733 684 2800 quo
699 2715 797 2773 sordes
819 2722 927 2793 peccati
942 2723 1160 2799 absterguntur:
1180 2744 1274 2800 aeaego

85 2830 137 2875 μεν,
146 2812 170 2863 st
183 2829 195 2862 s
206 2828 250 2872 τας
260 2810 378 2881 ἀμσςτιας
388 2812 613 2882 dereptumque-⁹
661 2809 706 2866 De
722 2811 880 2871 Clementis
895 2819 1035 2876 sententia
1048 2819 1126 2875 uulla
1145 2820 1181 2876 lis
1204 2830 1274 2878 mou

82 2907 127 2952 est
141 2915 157 2952 a
171 2898 344 2974 Pelagianie,
360 2900 490 2969 quamvis
504 2902 550 2957 vel
564 2903 669 2962 invitos
690 2906 890 2984 suffragatores
906 2931 1008 2988 magna
1022 2913 1161 2971 industria
1176 2915 1274 2987 quaesi

79 2991 181 3046 verint
1147 3059 1150 3063 .

121 3086 188 3138 134.
214 3081 281 3159 obj.
296 3087 326 3140 9.
349 3083 576 3159 chrysostomus
591 3091 620 3151 iu
634 3095 717 3151 verba
732 3098 865 3174 Apostoli
876 3100 963 3159 dicit:
981 3112 1001 3139 “
1013 3104 1052 3161 At
1065 3103 1133 3161 rerd
1147 3123 1185 3162 ex
1199 3107 1274 3165 illius

79 3173 182 3252 (Adae)
198 3176 389 3235 inobedientia
402 3180 519 3239 alterum
541 3198 719 3259 peccatorem
734 3195 882 3262 extitisse3
905 3196 933 3253 id
948 3197 1014 3255 verd
1030 3217 1114 3271 quarn
1132 3199 1274 3279 (obsecro)

78 3272 303 3345 congruentiam,
329 3277 620 3352 consequentiamque
645 3284 769 3342 haberti
810 3288 973 3350 Invenietur
996 3295 1073 3350 enim
1096 3313 1150 3353 uec
1177 3316 1273 3372 poenas

78 3363 193 3440 quidem
215 3364 328 3435 debere,
344 3369 394 3440 qui
415 3369 478 3427 talis
493 3371 587 3443 fuerit,
602 3378 627 3434 si
649 3379 765 3450 quidem
784 3403 841 3441 uun
856 3405 893 3444 ex
907 3405 939 3444 se
953 3388 1016 3464 ipse
1030 3401 1162 3464 peccator
1176 3395 1273 3451 extite

76 3460 123 3518 rit.
165 3459 241 3526 Quid
256 3461 342 3538 igitur
362 3465 416 3522 huc
430 3465 494 3558 locu
506 3472 622 3529 uerbum
638 3474 702 3540 hoc,
712 3487 880 3552 peccatores
894 3483 1056 3558 significati
1077 3487 1150 3544 milri
1164 3488 1273 3548 videtur

77 3554 253 3625 tamumdem
268 3556 440 3632 siguificare,
455 3575 591 3633 quantum
614 3568 694 3635 illud,
709 3572 852 3646 supplicio
866 3576 993 3644 obnoxii.
1010 3598 1042 3636 ac
1058 3583 1157 3638 mortis
1172 3584 1215 3640 rei
1229 3583 1273 3640 i’'¹

78 3657 98 3687 “
110 3647 237 3707 Infantes
258 3651 446 3725 baptizamus,
462 3673 528 3714 cum
547 3676 605 3716 nou
627 3664 685 3718 siut
704 3665 878 3738 coinquinati
901 3685 1028 3745 peccato,
1043 3685 1073 3731 ut
1094 3676 1136 3731 eis
1158 3678 1273 3739 addatur

76 3744 220 3865 sancpitas,
242 3744 363 3821 justitia,
385 3748 511 3827 adoptio,
526 3752 678 3825 hereditas,
694 3758 851 3822 fraternitas
873 3767 993 3835 Christi,
1009 3778 1040 3826 ut
1060 3771 1123 3846 ejus
1145 3777 1273 3835 membra

75 3838 143 3896 sirit.
167 3844 181 3874 ⁴

117 3937 183 3991 135.
205 3933 304 4011 Resp..
317 3936 545 4016 chrysostomus
560 3946 692 4024 intelligit
706 3951 737 4008 S.
754 3952 875 4011 Paulum
890 3974 926 4014 eo
946 3957 1002 4016 loci
1017 3978 1081 4018 cum
1096 3961 1115 4020 J
1119 3963 1201 4023 udaeo
1215 3985 1273 4026 ceo

75 4036 145 4097 tare,
159 4028 209 4101 qui
222 4029 345 4089 salutern
359 4050 397 4092 ex
418 4034 528 4093 Christi
542 4049 633 4096 morte
646 4043 788 4102 universis
809 4047 973 4109 homiuibus
989 4054 1086 4113 offeni
1100 4058 1273 4130 mirabaturr

374 4222 412 4282 (l)
430 4219 512 4270 Strom
523 4223 539 4271 l.
550 4223 585 4273 iii.
596 4240 621 4275 n.
632 4229 682 4276 xvi.

375 4305 413 4364 (2)
430 4302 460 4352 1..
475 4307 497 4354 l.
508 4306 638 4370 Padagog.
648 4326 669 4361 c.
681 4313 715 4363 vi.
725 4317 771 4367 sub
782 4317 889 4371 initium

374 4384 416 4450 (8)
434 4385 632 4456 Homninep.
644 4395 758 4451 saltem

372 4467 415 4535 (o)
433 4468 510 4523 Hom.
520 4473 552 4523 sd
561 4472 715 4542 Neophytos.
