2744 5024
75 228 86 245 “
120 270 182 329 ιιι
450 208 510 337 oe
530 274 687 337 ommi
708 268 1006 340 senmurum

166 428 235 487 m.
255 422 297 485 ῙὶΙ
308 428 413 501 quibu·
425 432 596 508 protientur
608 432 799 509 Ermgeiinm
811 432 975 510 elegitimie
988 428 1181 508 μαθών,
1201 419 1266 483 (¹⁸¹5
1283 418 1354 481 5¹¹·

125 520 230 579 orior·
239 521 337 596 gret·
349 523 488 594 subsidio,
503 526 609 599 quibos
622 526 736 585 micent
746 528 852 586 meotis
864 543 1015 583 meemum
1027 521 1175 582 cotenon
1186 520 1346 597 prebere»

126 624 247 681 coutet.
258 632 297 673 cx
309 617 489 692 ‘meinimis
502 621 597 697 ponis
610 621 721 692 inques
729 620 805 678 bend
812 619 956 679 medendo
969 619 1135 677 incurrente
1156 613 1347 680 “Quifflm·

124 725 182 782 que
195 728 255 768 nou
267 714 411 789 temporit
423 732 487 783 ros,
500 734 595 789 neque
608 716 730 774 audierit
738 733 887 775 ecrmooce
900 726 1029 773 renunes
1048 709 1282 771 montesium
1292 705 1334 765 de

123 802 212 863 domo
226 806 270 863 rei
283 807 408 875 uvion.
422 812 548 869 excutite
560 811 707 887 pulverem
719 809 756 869 de
766 811 888 887 periibm
902 811 1014 869 restris.
1033 810 1142 874 enen,
1154 805 1223 863 dico
1234 803 1328 862 robis:

123 898 317 961 Tolerebiiius
330 904 384 962 erit
396 916 478 963 terro
492 905 685 965 Sodomorum
698 922 729 965 et
741 907 994 965 Gomorrhoorom
1005 906 1036 963 in
1048 902 1097 961 die
1105 900 1226 978 judicii,
1240 916 1320 972 qm

124 994 168 1053 iili
181 997 335 1058 civitati0”¹
375 1012 397 1039 ⁸·
409 1001 566 1061 Prodiceie
580 1003 770 1079 Evangelio·
781 1004 861 1063 omni
872 1015 1006 1061 ereetum
1026 1042 1037 1059 .
1058 1041 1070 1059 .
1089 1040 1100 1059 .
1119 1000 1258 1073 quivero
1269 1013 1320 1053 nm

124 1092 275 1153 mediderit
297 1097 578 1157 coudemmbitor.''⁸
616 1097 687 1157 ideo
709 1098 886 1173 Apostolus:
908 1095 1022 1164 “Quod
1034 1097 1062 1153 si
1079 1095 1171 1153 etiem
1193 1103 1317 1167 oportum

124 1197 171 1245 eet
184 1188 377 1267 Eraogeiium
391 1203 530 1259 nostrum,
545 1192 574 1249 iri
589 1192 636 1257 iis,
652 1192 706 1263 qui
717 1203 847 1267 pereunt,
859 1202 906 1251 est
914 1202 1060 1269 opertu.
1070 1190 1101 1247 in
1114 1188 1225 1260 quibus
1246 1184 1317 1243 uon

122 1280 211 1357 huju·
235 1286 333 1345 secuti
352 1287 508 1345 excocerit
520 1296 633 1346 mentes
647 1287 819 1355 infidelium,
830 1300 863 1347 et
875 1306 934 1346 oon
947 1287 1054 1363 irrigent
1072 1284 1132 1343 iiii·
1153 1280 1321 1341 illuminatio

21 1370 50 1425 .'
122 1374 276 1452 Evangelii
299 1378 398 1455 gioria
422 1380 545 1448 Christi,
569 1382 620 1453 qni
645 1392 689 1439 est
713 1381 810 1458 imago
833 1380 938 1439 Dei.''⁸
976 1378 1103 1439 Pulchre
1121 1375 1319 1453 Augustiemt

55 1472 84 1541 ,ζ
124 1480 145 1507 “
156 1470 292 1531 infideles
306 1474 422 1548 quidem
431 1486 531 1535 contre
545 1477 601 1535 Dei
613 1477 786 1535 voluntatem
801 1477 917 1544 iaciunt,
930 1494 997 1535 cum
1010 1476 1077 1552 ejus
1087 1472 1254 1549 Evangelio
1265 1488 1323 1529 non

33 1542 50 1571 ⁸
123 1566 259 1626 credunt:
282 1588 338 1629 uec
351 1570 418 1631 ideo
432 1587 526 1631 remen
540 1591 605 1631 enm
619 1573 747 1640 vincunt,
771 1592 870 1631 verum
883 1591 916 1631 se
930 1573 1014 1648 ipsos
1031 1568 1163 1629 fraudent
1174 1586 1283 1645 magno
1294 1578 1323 1625 et

122 1679 237 1722 summo
251 1666 338 1734 bono,
353 1667 494 1740 meiieque
508 1668 672 1744 penalibus
683 1667 843 1744 implicem,
857 1669 1003 1743 experturi
1017 1667 1048 1723 in
1061 1664 1216 1740 suppliciis
1229 1672 1324 1739 potes-

122 1770 208 1819 tetem
223 1761 296 1835 ejus,
311 1762 395 1838 cujus
409 1762 439 1820 iu
454 1763 538 1821 douie
552 1764 777 1821 misericordiam
791 1760 1073 1838 contempsemrrt.”⁴

163 1860 229 1915 lut.
250 1857 418 1916 Peccatores
440 1858 472 1917 in
493 1858 598 1917 delicto
619 1860 779 1935 pertinaces
805 1856 1018 1930 quodammodo
1039 1876 1056 1913 a
1076 1855 1142 1913 Deo
1161 1853 1327 1926 derelinqui

126 1962 248 2019 constet,
271 1951 419 2011 subductis
441 1953 610 2029 pierumque
634 1953 817 2011 validioribus
838 1954 935 2029 gratim
948 1950 1103 2009 subsidiisz
1131 1960 1151 1985 ‘⁸
1164 1948 1330 2005 Concidere

121 2062 210 2121 opere
224 2046 282 2105 Dei
294 2048 372 2121 quod
386 2067 471 2107 nemo
484 2052 576 2125 possit
589 2051 740 2124 corrigere,
752 2067 839 2123 quem
857 2049 905 2107 ilie
917 2045 1138 2123 ‘despexerit’,’⁸
1167 2044 1328 2111 ¹Cretei'om

126 2158 186 2201 nou
210 2151 316 2203 temero
336 2143 489 2203 dicendum
509 2163 560 2201 eos
582 2160 707 2216 uuquam
730 2145 834 2220 privari
859 2145 939 2203 omni
966 2144 1064 2219 gretie
1087 2143 1206 2210 auxilio,
1226 2160 1330 2215 quum-

123 2233 173 2293 diu
188 2236 218 2293 in
242 2237 296 2295 hec
310 2238 369 2297 vite
388 2249 545 2305 versentur,
559 2257 626 2296 nem
648 2240 685 2295 de
705 2238 839 2297 omnibus
854 2239 938 2315 juret
958 2236 1116 2312 intelligere
1136 2234 1259 2295 Domini
1272 2254 1329 2312 per

121 2329 292 2405 prophetam
301 2332 403 2389 verber
426 2340 446 2369 ‘⁶
456 2332 533 2390 Vivo
541 2351 608 2409 ego,
616 2333 686 2391 dicit
695 2334 837 2391 Dominus
848 2333 939 2399 Deus.
954 2332 1022 2390 nolo
1032 2342 1153 2390 mortem
1163 2331 1259 2407 impii.
1271 2331 1328 2389 sod

25 2448 45 2483 ν.
121 2432 153 2481 ut
165 2434 344 2483 convertatur
364 2425 503 2502 impiuea
522 2427 570 2485 vie
588 2445 650 2494 sue,
665 2438 695 2485 et
716 2430 800 2485 vivet.
841 2426 1062 2493 Convertimiui,
1083 2426 1289 2485 convertimini
1309 2446 1329 2485 ι

122 2518 177 2576 riis
191 2520 293 2576 restris
308 2521 454 2596 pessimis,
468 2532 497 2579 et
510 2541 597 2595 quere
611 2523 775 2580 moriemini
785 2522 830 2579 i”⁶
850 2523 937 2581 Plura
948 2520 1063 2594 quidem
1073 2520 1109 2577 de
1128 2522 1257 2580 cecitate
1267 2540 1330 2595 que

121 2627 285 2693 peccatores
301 2619 465 2693 puniuntur,
476 2619 582 2694 profert
595 2621 783 2694 Augustinus,
793 2620 993 2693 scripturarum
1008 2617 1178 2674 testimoniis
1193 2617 1330 2686 innixus,

122 2714 192 2786 quio
207 2724 300 2770 temen
315 2724 377 2771 'eam
393 2714 549 2772 absolutam
565 2732 629 2771 esse
641 2724 704 2771 aute
722 2715 783 2769 vitae
799 2714 886 2770 finem
900 2711 993 2769 dicat:
1008 2712 1046 2767 eit
1059 2713 1154 2768 euim:
1177 2722 1198 2747 ‘⁶
1209 2712 1245 2769 Iu
1259 2730 1328 2771 eam

122 2810 254 2882 quisquis
268 2809 349 2866 datus
364 2810 457 2876 suerit,
469 2812 504 2868 ab
519 2810 644 2867 interiori
657 2810 712 2866 Dei
723 2809 787 2866 luce
801 2807 973 2865 secluditur:
989 2807 1039 2864 sed
1052 2807 1180 2866 nondum
1197 2811 1330 2883 penitus,

123 2902 192 2961 dum
207 2904 237 2960 in
252 2903 305 2959 huc
320 2904 376 2960 vita
389 2903 478 2961 osi.’'⁷

163 3004 230 3057 164.
253 3000 286 3056 ln
301 3002 395 3074 gratiae
411 3002 607 3059 distributione
630 3021 730 3076 magna
753 3002 871 3057 varietas
886 2999 1047 3056 necessario
1069 2999 1254 3074 agnoscenda
1268 3011 1325 3067 esi,

123 3105 150 3150 et
165 3094 270 3150 arbitrii
286 3096 413 3169 supremi
428 3095 494 3161 Dei,
510 3097 584 3152 sicut
597 3108 625 3152 et
639 3096 851 3162 munificentie,
867 3094 1044 3150 exercitium.
1087 3093 1161 3150 Eam
1177 3094 1329 3167 explicere

123 3189 169 3246 vei
184 3188 325 3244 vindicare
341 3207 414 3263 opus
430 3207 486 3246 uon
501 3200 554 3254 est,
570 3189 621 3245 sed
636 3202 750 3264 prostat
761 3209 826 3247 eum
843 3201 994 3263 expectere
1008 3187 1095 3253 diem.
1111 3188 1215 3259 inquo
1231 3190 1342 3261 couci·¹

121 3283 159 3340 liu
174 3283 236 3357 ejus
252 3282 347 3337 omnia
362 3282 390 3337 in
407 3282 554 3339 hominurn
570 3284 717 3339 utilitatem
734 3298 762 3340 et
776 3285 908 3349 salutem,
924 3301 977 3339 suo
991 3277 1099 3339 lumine
1114 3284 1260 3358 exposite,
1275 3302 1323 3358 pe·

121 3374 231 3432 tebuut.
271 3372 388 3431 luteriru
414 3374 440 3430 id
464 3375 628 3432 firmissime
650 3376 815 3443 tenendum,
838 3375 916 3448 quod
937 3393 1014 3450 saepe
1037 3375 1150 3432 monuit
1169 3378 1322 3452 preclarus

121 3469 217 3546 gratim
244 3466 349 3524 vindex
374 3469 561 3545 Augustinus,
583 3471 745 3545 justissima
770 3472 832 3545 ejus
863 3469 972 3544 judicia
996 3487 1079 3524 esse:
1104 3478 1123 3504 ‘⁴
1134 3469 1232 3535 Quare
1257 3472 1321 3529 ilios

123 3564 317 3641 potiusquam
334 3563 397 3619 iilos
412 3565 531 3622 liberet?
562 3565 588 3621 Ο
604 3566 709 3621 homo!
732 3565 796 3636 quis
812 3582 843 3619 es
858 3565 909 3634 qui
922 3561 1096 3638 respondeas
1111 3563 1198 3621 Deci
1214 3566 1322 3623 inscru-

123 3660 219 3717 tubiiia
233 3672 299 3715 suut
315 3658 425 3733 judicie
438 3659 548 3736 ejus.”⁸
588 3660 620 3716 Id
636 3678 750 3730 quoque
766 3659 918 3729 unicuique
930 3655 1087 3714 cavendum
1103 3675 1143 3714 no
1154 3658 1224 3716 dum
1236 3671 1320 3719 torem

28 3809 33 3818 ,
121 3755 219 3831 gratim
232 3754 420 3809 oeconomiam
436 3765 529 3811 menie
544 3756 694 3831 complecti
710 3754 812 3819 studet,
824 3752 879 3808 sibi
893 3751 1056 3808 concredita
1067 3752 1171 3809 telente
1184 3756 1321 3832 negligite

123 3866 212 3920 quum
229 3844 283 3902 ide
300 3848 437 3904 memoria
451 3867 606 3920 numquam
622 3849 753 3907 excidere
768 3847 877 3913 debeat,
893 3847 1031 3907 rationem
1048 3847 1128 3923 justo
1145 3847 1241 3925 judici
1261 3849 1321 3913 red-

123 3942 257 4008 (leudam,
272 3960 323 4017 pro
338 3942 409 3999 dotis
424 3945 597 4002 muneribus.

814 4132 854 4196 (5)
871 4130 940 4180 Eccl.
951 4129 992 4179 vii.
1004 4131 1044 4180 14.

810 4215 852 4278 (6)
872 4213 962 4262 Erech.
973 4212 1062 4261 xxxiii.
1076 4215 1114 4264 11,

768 4304 770 4309 ’
809 4298 851 4362 (i)
870 4296 957 4346 Enerr.
968 4296 995 4345 iu
1006 4295 1046 4344 Pe.
1057 4295 1090 4344 ri.

810 4381 852 4447 (⁸)
871 4379 901 4429 L.
912 4380 942 4429 dc
953 4379 1018 4429 douo
1028 4394 1120 4444 persev.
1132 4395 1154 4428 c.
1163 4380 1214 4434 xii.
