2744 5024
438 218 441 224 .
535 270 759 347 strennue
1186 278 1247 340 sos

45 436 77 487 ut
94 438 193 489 auctor
206 439 322 500 nature,
336 433 366 491 du
381 432 505 510 gratuiti,
520 451 577 506 quo
591 434 673 493 Dens
685 442 806 503 amatur,
821 422 858 492 ut'
866 432 1049 502 beatificator,
1065 452 1137 492 vana
1147 444 1192 491 est
1213 432 1244 489 du
1345 454 1347 471 ¹

47 527 254 596 commentitia,
269 528 299 586 du
311 527 346 586 ad
359 528 537 591 illudendum
545 530 634 589 saeris
642 530 743 589 litteris
753 529 784 588 de
793 529 1059 610 plurimisveterum
1071 529 1244 589 testimoniis

48 624 220 709 excogitata.
872 643 875 648 ·

90 719 139 776 35.
161 717 256 778 Omne
271 720 348 793 quod
362 721 420 798 ogit
433 730 574 797 peccator,
588 721 635 781 vel
648 720 748 780 servus
762 721 882 799 peccati,
897 731 1045 798 peccatum
1060 729 1113 779 est.

91 816 141 872 36.
161 815 252 886 Amor
265 817 409 884 naturalis,
424 817 474 889 qui
495 835 532 875 ex
548 817 653 874 viribus
674 827 779 877 uaturae
793 817 890 885 oritur,
906 835 944 875 ex
958 817 1020 875 sola
1040 816 1241 892 Philosophia,

50 909 954 989 perelationempraesnnrptionishumsuae,ouminjuriaOrucis
965 911 1246 971 Christidefenditnr
1301 949 1303 954 -

52 1023 70 1061 a
84 1004 230 1080 nonnullis
249 1004 432 1071 Doctoribus.
808 1004 811 1008 ⁵

93 1104 143 1160 37.
165 1101 242 1163 Onnr
263 1102 381 1181 Pelagio
395 1106 496 1177 sentit,¹
505 1105 555 1178 qui
576 1105 643 1165 boni
664 1100 772 1179 aliquid
793 1106 938 1174 naturalis,
960 1105 1016 1163 hoc
1036 1113 1091 1173 est,
1112 1103 1190 1178 quod
1211 1122 1250 1165 ex

54 1206 160 1254 natnrae
174 1197 243 1255 solis
258 1199 366 1257 viribus
380 1209 473 1258 ortum
494 1200 583 1267 ducit,
598 1201 737 1276 agnoscit.

94 1297 144 1351 38.
169 1293 273 1353 Omnis
299 1315 380 1355 amor
406 1310 539 1355 creaturae
567 1298 721 1364 rationalis,
747 1307 796 1356 ant
821 1298 923 1355 vitiosa
949 1306 994 1356 est
1020 1297 1171 1374 cupiditas,
1194 1316 1250 1371 qua

54 1387 180 1446 mundus
204 1389 340 1466 diligitur,
362 1411 424 1464 qnae
439 1412 455 1451 s
468 1392 581 1450 Joanne
595 1393 781 1468 prohibetur;
803 1401 852 1450 ant
874 1393 1023 1451 laudabilis
1047 1393 1096 1451 illa
1115 1393 1250 1459 charitas,

55 1504 113 1558 qus
125 1504 177 1563 per
189 1487 327 1564 Spiritum
342 1489 479 1546 Sanctum
494 1488 524 1547 in
538 1488 623 1547 corde
638 1487 752 1556 diffusa,
769 1488 848 1546 Deus
864 1497 982 1547 amatur.

95 1584 144 1638 39.
166 1582 251 1649 Quod
265 1584 424 1642 voluntarie
439 1585 480 1652 lit,
492 1585 578 1642 etiem
594 1585 755 1642 necessario
769 1585 827 1652 fiat,
842 1583 929 1641 libere
944 1593 1038 1641 nmen
1050 1583 1091 1641 fit.
1270 1656 1282 1673 ⁸

96 1681 146 1734 40.
167 1676 202 1736 In
216 1679 348 1737 omnibns
363 1681 424 1737 suis
438 1681 545 1738 actibus
560 1690 692 1756 peccator
705 1680 792 1737 servit
806 1679 963 1738 dominanti
977 1679 1133 1755 cupiditati.
1211 1702 1216 1715 ·-

97 1776 147 1830 41.
169 1771 199 1830 Is
213 1773 349 1832 libertatis
365 1775 466 1833 modus
481 1777 530 1848 qui
545 1784 589 1832 est
609 1795 625 1832 a
646 1775 825 1842 necessitate,
840 1775 892 1832 snb
906 1771 1042 1831 libertatis
1056 1775 1173 1832 nornine
1195 1788 1253 1834 non

57 1869 197 1945 reperitur
210 1869 241 1929 in
255 1870 419 1947 Scriptnris,
435 1869 486 1928 sed
495 1871 587 1929 solum
603 1888 710 1931 nomen
722 1871 858 1928 libertatis
873 1879 1027 1945 apeccato.

97 1969 147 2022 42.
171 1964 296 2032 Justitia,
312 1986 368 2040 qua
387 1961 559 2043 justificatur
583 1965 740 2043 perfidem
764 1967 881 2043 impius,
903 1966 1034 2023 consistit
1047 1965 1201 2025 formaliter
1225 1967 1255 2026 in

58 2061 220 2119 obedientia
248 2064 454 2130 mandatorum,
482 2082 546 2135 qnae
574 2073 619 2120 est
638 2082 756 2138 operum
774 2063 894 2139 justitia,
917 2073 1089 2121 nouantem
1111 2064 1141 2120 in
1168 2064 1258 2140 gratia
1353 2134 1356 2144 1

58 2156 155 2230 aliqua
174 2156 276 2215 animer
300 2158 405 2226 inlusa,
427 2177 484 2231 qna
504 2157 652 2234 adoptatur
673 2159 759 2215 horno
782 2158 810 2214 in
830 2157 922 2215 filium
951 2156 1016 2225 Dei,
1042 2157 1072 2216 dt
1099 2159 1257 2216 secundum

60 2251 227 2310 interiorem
248 2252 396 2311 hominem
418 2264 578 2320 renovatur,
593 2273 626 2312 ac
646 2252 750 2310 divinae
772 2262 876 2310 naturee
891 2271 1009 2311 consors
1024 2253 1155 2321 efficitur,
1171 2266 1201 2312 ut
1215 2256 1257 2314 sio

60 2365 113 2424 per
127 2347 265 2424 Spiritum
281 2349 418 2408 Sanctum
430 2361 591 2416 renovatus,
606 2349 741 2425 deinceps
767 2350 838 2407 bene
855 2349 960 2415 vivere,
983 2348 1013 2407 de
1038 2348 1095 2407 Dei
1119 2350 1258 2411 mandatis

62 2441 180 2501 obedire
194 2446 295 2520 possit.
358 2459 359 2463 ’
600 2432 603 2437 ’

103 2544 154 2600 43.
176 2540 211 2601 lu
231 2543 396 2601 hominibus
420 2543 623 2619 penitentibus
646 2553 709 2601 ante
734 2544 948 2600 Sacramentum
970 2542 1209 2610 absolutionis&
1230 2547 1260 2603 in

65 2637 290 2698 catechumenis
304 2651 368 2698 ante
384 2640 575 2728 Baptipmum,
588 2645 632 2696 est
647 2657 712 2696 vera
727 2637 912 2714 justificatio;
935 2648 1066 2713 separata
1080 2649 1175 2697 tarnen
1190 2660 1206 2697 a
1220 2659 1262 2699 re·

67 2735 205 2793 missione
220 2747 411 2812 peccatorum.

107 2835 157 2888 44.
180 2830 323 2908 Operibus
338 2833 492 2908 plerisque,
506 2851 569 2904 qnae
590 2851 607 2888 a
627 2831 759 2895 fidelibus
782 2831 862 2895 fiunt,
878 2829 971 2888 solum
993 2839 1024 2886 nt
1044 2829 1101 2887 Dei
1122 2830 1263 2890 mandetis

69 2937 195 3003 pareant,
209 2928 371 3005 cujusmodi
385 2938 451 2987 snut
464 2928 579 2987 obedire
593 2927 767 3004 perentibus,
789 2925 953 3002 depositum
973 2925 1101 2995 reddere,
1116 2928 1151 2985 ab
1172 2922 1264 2987 horni-

70 3022 155 3093 cidio,
170 3045 186 3082 a
199 3025 284 3093 furto,
299 3046 316 3083 a
329 3026 513 3084 fornicatione
528 3026 678 3097 abstinere,
689 3024 882 3099 justificantur
902 3022 1018 3095 quidem
1039 3023 1182 3093 homines,
1197 3027 1265 3100 quis

71 3132 137 3180 sunt
148 3122 220 3198 legis
232 3122 401 3189 obedientia,
416 3123 446 3181 du
460 3141 526 3180 vera
539 3123 610 3200 legis
623 3122 753 3200 justitie:
775 3139 833 3178 non
854 3129 949 3177 temen
970 3119 1006 3177 iis
1026 3121 1155 3180 obtinent
1176 3124 1266 3182 incre·

74 3226 168 3276 menta
181 3218 325 3277 virtutum.
1135 3209 1143 3223 ⁶

110 3319 161 3373 45.
183 3315 360 3374 Sacrificium
377 3316 476 3374 Missae
492 3334 549 3372 non
570 3315 624 3373 alia
637 3316 744 3373 ratione
762 3325 807 3373 est
826 3315 1015 3382 Sacrificium,
1038 3334 1123 3389 quam
1144 3317 1270 3394 generali

76 3409 132 3478 illa,
147 3430 205 3484 qua
215 3430 301 3470 omne
315 3430 389 3488 opus
403 3411 480 3484 quod
494 3412 536 3477 fit,
552 3421 583 3467 nt
596 3418 695 3467 sancta
707 3410 852 3476 societate,
866 3410 930 3468 Deo
944 3412 1032 3468 horno
1046 3412 1191 3472 inhaereat.

112 3512 162 3567 46.
184 3507 229 3567 dd
244 3510 381 3568 rationem
395 3509 426 3567 du
436 3507 631 3566 definitionem
646 3505 766 3581 peccati,
781 3523 838 3562 non
860 3505 982 3580 pertinet
1002 3505 1202 3572 voluntarium.
1217 3529 1271 3569 nec

77 3601 249 3663 delinitionis
264 3586 384 3677 ducatio
398 3614 451 3672 est,
463 3603 513 3661 sed
527 3620 621 3661 cauere
631 3600 796 3677 tentiginis,
808 3610 904 3658 utrum
911 3595 997 3658 omne
1009 3611 1156 3676 peccatum
1171 3603 1272 3662 debeat

78 3717 141 3758 esse
155 3702 356 3759 voluntarium.
1107 3764 1108 3767 ,

116 3801 166 3856 47.
196 3796 281 3856 Unde
307 3807 453 3873 peccatum
480 3796 599 3872 originis
620 3812 685 3853 vere
706 3794 791 3851 habet
818 3794 955 3851 rationem
983 3793 1103 3869 peccati,
1125 3796 1187 3853 sine
1214 3797 1273 3856 ulla

78 3894 185 3952 ratione
196 3913 229 3952 ac
242 3904 372 3970 respectu
387 3892 423 3951 erl
437 3893 610 3950 voluntatem
625 3910 641 3947 a
654 3909 709 3963 qna
723 3889 861 3966 originem
877 3889 984 3947 habuit.
1007 3889 1011 3894 ’

118 3994 168 4047 48.
190 3990 344 4049 Peccatum
363 3989 484 4066 originis
509 3997 553 4046 cst
573 3986 721 4045 habituali
730 3985 840 4062 parvuli
861 3985 1003 4043 voluntate
1026 3985 1224 4054 voluntarium,
1247 3989 1274 4060 dr

56 4089 59 4094 '
81 4083 258 4145 habitualiter
277 4085 438 4150 dominatur
457 4084 586 4160 parvulo,
601 4101 636 4140 eo
657 4079 734 4155 quod
755 4099 813 4140 nou
834 4081 907 4158 gerit
927 4079 1101 4139 contrarium
1122 4082 1275 4142 veluntatis

82 4181 238 4240 arbitrium.
284 4219 298 4251 ῃ
940 4172 943 4177 ’

122 4281 172 4336 49.
195 4278 236 4336 Et
248 4297 286 4337 ex
299 4277 435 4336 habituali
447 4276 590 4336 voluntate
605 4273 768 4333 dominante
788 4274 831 4342 fit,
845 4282 878 4330 ut
897 4274 1032 4349 parvulus
1051 4271 1192 4335 decedens
1213 4274 1276 4336 sine

84 4375 306 4451 regenerationis
316 4375 512 4442 Saommento,
526 4370 640 4446 qnando
654 4387 738 4429 nsum
748 4370 864 4428 rationis
879 4369 1121 4437 consecutuserit,
1133 4369 1277 4429 sctnsliter

85 4470 185 4535 Deum
194 4472 387 4541 odio'habest,
403 4470 500 4533 Deum
513 4469 701 4548 blasphemet,
716 4468 747 4527 dt
760 4468 817 4546 legi
832 4466 888 4527 Dei
901 4475 1050 4544 repugnet.
