2744 5024
192 269 197 281 “
289 238 348 343 on
366 279 673 342 innumerosis
694 268 1037 348 uxrnersrvorvn.
1205 291 1266 347 ars

101 443 152 495 24.
180 436 246 516 Obj.
264 441 293 495 4.
316 438 442 496 Nonnisi
458 451 524 514 post
538 439 660 497 scissum
675 458 794 517 regnum
809 442 1007 510 israeliticum,
1022 453 1051 501 et
1065 464 1182 522 magnas
1197 446 1265 503 tole·
1325 517 1327 523 y

66 541 139 589 ratas
149 533 335 599 calamitates,
345 533 444 608 opinio
454 533 489 589 de
499 533 660 591 theocratiae
672 546 868 603 restauratore,
881 537 936 596 alio
948 539 1070 607 Davide,
1082 543 1130 613 qui
1141 542 1265 600 dirutum

69 625 187 685 Davidis
196 647 316 704 regnum
328 629 428 684 iterum
440 637 582 696 statueret,
592 641 706 706 recepta
714 641 771 701 est3
783 633 891 689 vatibus
902 634 1038 710 populum
1048 654 1083 692 ea
1091 654 1142 712 spe
1152 637 1267 695 solanti·

71 723 133 790 bus,
147 724 254 799 populo
269 724 325 780 sibi
345 722 508 783 blandiente
530 723 565 782 dc
590 725 680 801 gloria
702 738 730 783 et
749 727 883 785 felicitate
904 729 1058 801 aliquando
1079 731 1263 790 restituenda.

78 819 148 878 Osee
163 821 200 877 ita
215 819 416 896 intelligendus
431 831 494 878 cst:
518 821 620 879 “Post
641 821 703 880 hec
717 835 891 882 revertentur
912 826 963 883 tittt
984 828 1082 894 lsrael,
1098 838 1126 885 et
1140 839 1268 900 quaerent

77 915 227 974 Dominum
244 916 340 975 Deum
354 935 450 984 suum,
464 928 492 974 et
506 917 599 974 David
616 937 710 994 regem
733 938 828 988 suum,
843 934 872 977 et
893 923 1035 996 pavebunt
1048 923 1083 980 ad
1097 924 1267 996 Dominum,

78 1023 105 1071 et
117 1013 147 1070 ad
161 1013 266 1070 bonum
282 1013 356 1088 ejus,
372 1013 574 1071 innovissimo
589 1014 748 1072 rherum.”¹
787 1017 897 1074 Amos:
921 1029 940 1053 “
952 1018 986 1075 ln
1000 1017 1047 1075 die
1062 1019 1108 1075 illa
1123 1020 1267 1077 suscitabo

84 1109 280 1167 tabernaculum
306 1107 411 1175 David,
437 1108 512 1180 quod
538 1109 659 1167 cecidit:
688 1121 717 1167 et
739 1111 919 1169 reedificabo
938 1125 1098 1188 aperturam
1120 1131 1267 1170 murorum

82 1204 143 1279 ejus,
167 1215 194 1261 et
208 1223 242 1261 ea
256 1222 322 1277 quae
337 1215 501 1262 corruerant
515 1206 695 1264 instaurabo:
716 1216 745 1264 et
759 1207 935 1265 reaedificabo
950 1209 1019 1266 illud
1034 1210 1108 1266 sicut
1121 1209 1151 1266 in
1166 1208 1266 1266 diebus
1338 1252 1348 1271 .

84 1301 237 1373 antiquis.”⁹

114 1402 157 1455 25.
177 1397 266 1473 Resp.
290 1396 383 1453 David
400 1397 472 1472 ipsc,
485 1395 553 1455 dum
569 1400 694 1456 maxime
709 1399 822 1457 floreret
844 1402 980 1476 potentia,
996 1401 1149 1459 celebravit
1170 1419 1266 1477 regem

86 1494 149 1552 illum
164 1514 248 1567 quem
264 1494 421 1552 Dominum
444 1513 527 1552 suum
543 1515 600 1553 non
623 1496 762 1554 dubitavit
776 1499 929 1572 appellare,
946 1508 1022 1556 tanto
1044 1500 1162 1557 honoris
1184 1500 1267 1556 titulo
1307 1570 1311 1577 .

87 1592 176 1652 nullum
192 1611 289 1668 regem
310 1592 364 1648 sibi
386 1591 511 1648 similem
531 1592 708 1667 dignaturus.
750 1596 821 1661 Quae
846 1595 1024 1652 laudavimus
1046 1590 1209 1654 testimonia
1228 1615 1266 1654 ex

88 1690 241 1749 Psalmisad
256 1689 458 1749 florentissima
473 1692 552 1766 regni
564 1680 868 1767 tempord'reseruntun
883 1706 914 1750 ut
925 1694 1037 1750 interim
1052 1695 1124 1751 nihil
1139 1694 1267 1751 dicamus

86 1785 112 1845 de
124 1789 269 1847 Geneseos
283 1788 355 1846 locis
370 1791 433 1862 quae
457 1790 677 1861 promissionem
700 1806 839 1863 spemque
854 1789 1011 1846 liberatoris
1027 1789 1061 1846 ad
1082 1791 1194 1865 generis
1217 1788 1268 1845 hu-

86 1885 147 1942 mani
171 1885 326 1960 primordia
346 1887 500 1944 retrahunt.
543 1884 624 1943 Ficta
646 1884 694 1941 illa
715 1884 796 1958 origo
811 1903 896 1955 quarn
918 1885 1116 1959 excogitarunt
1136 1885 1269 1941 Rationa-

84 1978 141 2040 liste
154 1982 318 2040 clarissimis
334 1982 512 2041 documentis
527 1991 674 2056 repugnat,
690 1999 753 2052 quae
775 1980 970 2038 demonstrant
991 1980 1077 2038 tidem
1091 1989 1268 2039 constantem

82 2077 154 2135 totius
168 2077 261 2152 gentis
272 2076 395 2153 judaica
410 2097 462 2154 per
482 2094 583 2134 omnes
597 2094 690 2133 rerum
707 2076 795 2132 vices.
837 2076 921 2141 Quod
936 2087 1028 2133 autern
1045 2075 1121 2134 Osee
1143 2076 1268 2134 futurum

80 2169 150 2233 illum
162 2191 260 2250 regem
275 2171 369 2231 David
384 2173 536 2240 vocaverit,
552 2190 710 2247 congruum
725 2180 794 2237 erat,
810 2190 899 2243 quum
914 2172 1018 2229 solium
1039 2171 1132 2229 David
1148 2189 1270 2247 occupa-

79 2276 158 2339 bunts,
181 2289 273 2344 eaque
292 2289 369 2331 novo
391 2271 500 2348 populo
528 2270 681 2328 collaturus
703 2269 852 2336 beneficia,
876 2288 998 2342 quorum
1019 2270 1115 2346 imago
1139 2268 1269 2342 quaedam

75 2361 178 2423 Davide
192 2348 328 2443 regniite
342 2367 499 2441 precessit.
540 2365 629 2422 Amos
644 2365 730 2420 etiam
743 2355 883 2421 humilem
904 2364 1018 2423 t’amiliae
1040 2365 1185 2424 Davidicae
1200 2383 1268 2424 con·

73 2458 206 2520 ditionem
220 2471 285 2520 ante
299 2461 419 2521 Messioe
430 2461 581 2519 adventum
593 2459 735 2536 praedixit,
750 2458 785 2515 de
794 2459 920 2534 gloria
895 2479 958 2536 ejus
972 2470 1103 2518 secutura
1115 2463 1169 2518 sub
1184 2448 1271 2518 variis

70 2555 240 2633 imaginibus
256 2574 381 2616 canens.
414 2557 491 2615 Vera
505 2566 534 2614 et
553 2556 641 2634 plena
661 2554 782 2613 Messiae
796 2556 886 2621 notio,
901 2557 1036 2612 omnibus
1050 2555 1160 2612 collatis
1174 2554 1270 2612 vatici·

69 2651 279 2720 mmmmm.
336 2674 338 2678 ⁴

106 2752 158 2808 26.
184 2749 251 2827 otj.
268 2754 296 2808 5.
318 2750 462 2809 Vaticinia
475 2768 526 2826 pro
540 2747 655 2805 arbitrio
670 2743 857 2827 explicantur,
872 2754 904 2802 ut
917 2744 1119 2820 Redemptoris
1134 2744 1270 2803 habeatur

67 2843 159 2910 notio,
174 2862 262 2915 quum
277 2845 412 2920 pleraque
426 2845 565 2901 victorem
581 2841 667 2898 armis
683 2838 922 2913 triumphaturum
940 2838 1071 2895 referant.

107 2944 159 3000 27.
180 2939 270 3017 Resp.
293 2941 436 3001 Vaticinia
450 2940 598 2998 enuntiant
611 2935 750 2994 daemonis
765 2935 913 3002 victorem,
928 2935 957 2991 in
973 2953 1030 3007 quo
1045 2942 1144 3010 gentes
1159 2935 1271 2992 univer·

66 3054 109 3095 stc
131 3037 226 3095 forent
250 3037 466 3104 benedicende,
491 3036 661 3114 prophetam
686 3033 921 3104 caelestemque
946 3031 1114 3108 adveniente
1138 3041 1271 3108 regnaret

65 3133 174 3191 veritas
196 3142 226 3190 ct
240 3135 362 3211 justitia,
376 3133 477 3191 deletis
492 3131 627 3208 peccatis.
678 3097 778 3225 ,7523
799 3127 952 3206 Pacificas
973 3148 989 3185 a
1010 3128 1121 3186 Jacobo
1141 3139 1270 3197 vocatur,

67 3227 289 3288 Melchisedech
304 3248 355 3288 rex
370 3229 488 3288 Salem'
480 3247 510 3285 m
532 3239 634 3304 typum
649 3227 712 3302 ejus
726 3209 807 3283 daius
822 3236 875 3292 est,
890 3234 922 3283 ut
937 3225 1056 3302 justitie
1070 3235 1099 3283 et
1119 3225 1197 3301 pacis
1219 3243 1271 3283 rex

65 3336 281 3401 agnosceretur,
296 3325 488 3398 sacerdosque
512 3323 570 3382 Dei
595 3323 737 3380 altissimi.
776 3322 888 3379 Psaltes
903 3321 952 3394 qui
974 3322 1176 3398 maximeejus
1198 3321 1273 3380 cels·
1351 3328 1355 3335 '

66 3421 163 3480 bravit
175 3423 305 3499 gloriam,
319 3422 430 3481 bellicis
444 3422 577 3479 adhibitis
600 3419 783 3494 imaginibus,
802 3416 924 3494 justitiae
944 3427 974 3474 et
993 3420 1134 3491 equitatis
1148 3436 1272 3495 regnum

65 3518 136 3595 ejus
148 3530 214 3577 ene
228 3518 310 3587 dixit,
325 3529 354 3577 et
368 3519 449 3596 plura
462 3517 517 3575 alia
530 3516 608 3575 dedit
623 3514 729 3571 indicia
740 3531 842 3569 sensus
854 3513 1010 3586 spiritualis
1024 3523 1054 3568 et
1067 3514 1211 3587 allegorici
1221 3513 1272 3586 qui

62 3614 136 3674 aliis
149 3615 269 3673 vocibus
282 3617 405 3675 suberat.
446 3614 537 3692 Igititr
551 3595 610 3670 non
631 3617 730 3667 nostro
743 3607 868 3674 arbitrio,
883 3605 935 3663 sed
951 3606 1036 3680 juxta
1049 3623 1208 3683 exegeseos
1219 3623 1275 3666 ¹re-

71 3710 168 3792 grus,
182 3719 288 3773 eventu
300 3728 418 3771 sensum
433 3711 632 3770 vaticiniorum
646 3705 816 3773 illustrante,
831 3721 866 3762 ea
879 3702 1068 3780 explicamus.

505 3878 738 3945 fflOmemn

503 3971 541 4029 (2)
559 3965 644 4018 Amos.
654 3964 688 4018 ix·
700 3963 741 4015 11.
