2744 5024
132 242 191 301 tos
337 282 342 287 .
620 234 844 302 arrunnrx.
1006 206 1035 304 ‘.

169 400 221 455 89.
242 395 314 455 Dies
331 393 503 453 Dominicus
518 390 602 451 debet
616 393 818 456 aGhrirtirnis
839 382 1010 455 sanctificari
1021 392 1197 453 lectionibus
1218 390 1332 469 pietatis

130 498 160 555 dr
175 514 262 572 super
275 493 372 552 omnia
382 492 551 550 Sanctarum
563 490 782 569 scripturarum.
804 492 982 553 Damnosum
993 501 1037 550 est
1047 492 1120 551 velle
1131 490 1330 550 Christianum

129 592 164 650 ab
178 592 231 649 hac
244 589 365 648 lectione
385 588 537 646 retrahere.

170 692 220 746 83.
242 687 296 745 Est
308 685 404 744 illusio
418 686 473 744 sibi
488 687 668 764 persuadere,
683 687 760 760 quod
775 688 875 746 notitia
889 686 1092 762 mysteriorum
1106 682 1260 760 religionis
1274 698 1332 739 non

129 784 230 842 debeat
242 783 447 842 communicari
461 783 587 851 leminis,
601 783 723 842 lectione
739 784 891 843 Sacrorum
906 783 1069 840 Librorum.
1112 781 1184 838 Nou
1198 797 1236 837 ex
1251 777 1331 835 ferni·

127 898 227 939 narum
243 878 435 956 simplicitate,
447 879 497 937 sed
509 896 546 938 ex
559 879 683 956 superba
692 879 815 938 viromm
829 878 950 937 scientia
963 888 1041 936 ortus
1056 887 1100 934 est
1117 875 1331 950 Scripturarum

129 978 247 1045 abusus,
263 977 292 1035 dc
307 989 379 1036 natae
395 988 462 1035 suut
474 977 608 1035 hereses.

168 1078 218 1131 84.
240 1074 378 1151 Abripere
403 1091 419 1130 e
441 1072 669 1131 Christianorum
692 1071 824 1131 manibus
844 1089 952 1129 novum
973 1069 1205 1134 Testamentum,
1219 1080 1273 1121 seu
1286 1063 1330 1119 eis

129 1150 199 1228 illud
211 1169 338 1227 clausum
352 1179 458 1238 tenere,
469 1168 622 1226 auferendo
632 1169 674 1226 eis
688 1166 885 1226 modumillud
896 1164 1137 1243 intelligendi,est
1148 1162 1207 1221 illis
1218 1158 1331 1217 Christi

127 1285 160 1326 os
175 1268 315 1325 obturare.

166 1367 216 1420 85.
238 1360 408 1419 interdicere
423 1360 595 1418 Christianis
608 1361 764 1419 lectionem
775 1360 870 1418 Sacra
888 1359 1043 1435 scripture
1058 1356 1218 1435 praesertim
1234 1353 1332 1411 Evau-

127 1458 195 1536 gelii
207 1478 215 1517 a
232 1467 276 1516 est
288 1457 453 1515 interdicere
469 1475 552 1515 usum
563 1456 680 1515 luminis
689 1454 756 1514 filiis
768 1456 852 1525 lucis,
865 1456 894 1514 ἀ
906 1455 998 1513 facere
1008 1463 1041 1512 ut
1049 1455 1192 1531 patiantur
1200 1449 1331 1526 speciem

127 1553 602 1629 quamdamexcommunicatiouis.
1245 1561 1249 1565 ’

165 1654 214 1708 88.
237 1649 358 1723 Eripere
373 1648 497 1723 simplici
512 1647 620 1723 populo
634 1647 689 1705 hoc
710 1648 853 1714 solatium,
875 1644 1014 1723 jungendi
1039 1663 1139 1702 vocem
1167 1657 1251 1701 suam
1266 1638 1332 1696 voci

126 1745 216 1804 totius
231 1742 382 1808 Ecclesiae,
397 1753 518 1799 estusur
533 1743 689 1799 contrarius
704 1743 786 1818 praxi
802 1741 975 1817 Apostolicae
991 1739 1020 1797 do
1035 1738 1187 1797 intentioni
1202 1736 1270 1795 Dei.

166 1846 215 1898 87.
239 1837 347 1896 Modus
369 1836 470 1914 plenus
491 1837 639 1913 sapientia,
661 1836 779 1905 lumine,
802 1837 831 1895 E
853 1836 998 1901 charitate,
1020 1843 1064 1891 est
1084 1832 1152 1890 dare
1177 1832 1331 1890 animabus

125 1944 239 2011 ternpus
270 1931 397 2009 portandi
425 1951 490 1990 curu
516 1931 686 1999 humilitate,
716 1932 746 1990 dc
775 1930 915 1993 sentiendi
944 1939 1047 1986 statum
1069 1928 1191 2004 peccati,
1213 1927 1334 2004 petendi

127 2034 258 2110 spiritum
282 2031 455 2107 poenitentia
477 2029 506 2087 do
529 2032 717 2097 contritionis,
739 2030 768 2088 dc
790 2027 956 2106 incipiendi,
978 2026 1011 2084 ad
1034 2028 1140 2093 minus,
1165 2025 1347 2084 satisfacere.

121 2130 240 2205 justitiae
255 2128 321 2195 Dei,
337 2138 487 2200 antequam
502 2128 729 2186 reconcilientur.

65 2244 68 2253 ’
166 2229 215 2281 88.
237 2223 406 2299 ignoramus
421 2221 490 2295 quid
510 2224 547 2279 sit
561 2233 720 2298 peccatum,
734 2222 763 2280 E
781 2240 847 2280 vera
868 2221 1042 2298 poenitentio,
1058 2218 1172 2292 quaudo
1193 2218 1334 2276 volumus

125 2321 219 2376 statim
236 2318 343 2374 restitui
356 2317 535 2393 possessioni
545 2317 684 2375 bonorum
700 2317 823 2382 illorum,
839 2317 942 2389 quibus
954 2334 1007 2373 nos
1021 2323 1168 2390 peccatum
1181 2313 1331 2389 spoliavit,

126 2411 357 2470 &detrectamus
372 2412 558 2487 separationis
574 2413 656 2469 istius
671 2411 742 2470 serre
756 2413 966 2471 confusionem.

164 2513 212 2567 89.
236 2511 360 2576 Quartus
372 2508 501 2566 decimus
517 2508 622 2585 gradus
645 2510 840 2567 conversionis
856 2511 1014 2586 peccatoris
1036 2519 1088 2582 est,
1107 2506 1195 2580 quod,
1212 2527 1279 2565 cum
1297 2509 1336 2566 sit

121 2611 180 2685 jam
197 2608 405 2673 reconciliatus,
422 2607 557 2682 habetjus
573 2607 724 2664 assistendi
739 2608 877 2664 sacrificio
893 2609 1043 2665 Ecclesiae.

164 2707 212 2759 90.
236 2703 368 2758 Ecclesia
391 2702 582 2758 auctoritatem
605 2702 869 2759 excommunicandi
892 2702 985 2768 habet,
1001 2714 1031 2759 ut
1045 2721 1107 2758 eam
1121 2711 1258 2758 exerceat
1279 2719 1332 2776 per

125 2799 234 2874 primos
252 2800 388 2854 Pastores
404 2797 439 2853 de
455 2816 608 2861 consensu,
625 2799 723 2853 saltem
741 2809 925 2873 praesumpto,
942 2799 1025 2855 totius
1041 2798 1179 2873 corporis.

163 2895 212 2951 91.
236 2893 551 2950 Excomrnunicatinnis
567 2893 678 2967 injustae
695 2905 796 2960 metus,
813 2912 956 2965 nunquam
973 2893 1055 2949 debet
1071 2912 1123 2950 nos
1136 2893 1277 2968 impedire
1293 2895 1328 2949 ab

122 2991 268 3066 implendo
291 2990 385 3046 debito
407 3000 513 3046 nostro.
558 2990 714 3061 Nunquam
736 2991 849 3046 eximus
878 2992 912 3046 ab
938 2991 1080 3056 Ecclesia,
1102 2992 1186 3047 etiam
1211 2991 1328 3062 quando

122 3086 271 3141 hominum
288 3086 412 3156 nequitia
427 3087 557 3141 videmur
571 3085 605 3140 ab
620 3105 653 3141 ea
668 3087 791 3160 expulsi,
803 3086 916 3158 quando
928 3087 1002 3152 Deo,
1014 3085 1085 3142 Jesu
1097 3085 1229 3152 Christo,
1243 3097 1329 3158 atque

123 3181 179 3255 ipsi
198 3182 337 3237 Ecclesiae
352 3199 402 3255 per
414 3180 578 3237 charitatem
595 3181 673 3237 affixi
688 3200 797 3238 sumus.

161 3279 211 3331 92.
237 3277 300 3332 Pati
329 3277 424 3348 potius
447 3275 475 3330 in
497 3294 566 3348 pace
594 3277 932 3342 excommunicationem,
954 3278 983 3334 du
1005 3278 1155 3334 anathema
1176 3279 1328 3354 injustum,

121 3388 205 3441 quarn
222 3368 340 3444 prodere
357 3370 513 3436 veritatem,
529 3380 573 3426 est
587 3371 690 3427 imitari
702 3373 837 3430 Sanctum
854 3375 973 3432 Paulum
990 3394 997 3430 :
1014 3385 1121 3431 tantum
1136 3375 1228 3442 abest,
1245 3386 1277 3432 ut
1291 3377 1328 3431 sit

121 3468 229 3544 erigere
245 3487 276 3523 se
292 3477 388 3524 contra
403 3468 606 3534 auctoritatem,
623 3482 669 3524 aut
683 3470 812 3527 scindere
828 3472 973 3528 unitatem.

161 3569 209 3621 93.
231 3564 318 3621 Jesus
340 3563 509 3635 quandoque
524 3573 604 3620 sanat
619 3565 742 3629 vulnera,
759 3585 821 3638 quae
838 3586 964 3643 praeceps
987 3561 1144 3642 primorum
1168 3567 1323 3624 Pastorum

119 3659 262 3718 festinatio
277 3658 391 3732 infligit,
407 3659 469 3713 sine
485 3659 574 3733 ipsius
589 3660 738 3716 mandato:
755 3661 840 3716 Jesus
856 3662 986 3727 restituit,
1003 3662 1078 3733 qtrod
1089 3663 1144 3736 ipsi
1158 3663 1323 3720 inconside-

119 3768 179 3821 rato
193 3756 257 3813 zelo
273 3754 446 3810 rescindunt.
848 3748 851 3755 ’

160 3854 209 3906 94.
234 3849 314 3906 Nihil
332 3849 458 3923 pejorem
474 3847 508 3904 tle
524 3848 654 3905 Ecclesia
677 3849 842 3924 opinionem
865 3851 967 3926 ingerit
988 3852 1050 3926 ejus
1078 3852 1217 3918 inimicia,
1234 3872 1318 3925 quam

120 3947 216 4004 videre
232 3947 289 4003 illic
305 3946 479 4002 dominatum
496 3946 621 4002 exerceri
636 3965 721 4020 supra
736 3949 820 4003 fidem
843 3948 982 4014 fidelium,
998 3949 1027 4016 dt
1048 3948 1138 4006 severi
1160 3948 1318 4008 divisiones

120 4053 235 4119 propter
249 4060 305 4106 res,
319 4059 384 4111 qnae
400 4059 451 4096 nec
467 4040 551 4095 fidem
568 4042 682 4106 laedunt,
699 4061 751 4098 nec
764 4061 867 4099 mores.

159 4142 207 4195 95.
231 4139 372 4195 Veritates
386 4154 420 4195 eo
436 4137 619 4203 devenerunt,
645 4150 675 4195 ut
696 4140 753 4195 sint
766 4139 864 4214 lingua
885 4142 1036 4217 peregriua
1058 4141 1205 4217 plerisque
1221 4140 1323 4199 Chris·

117 4234 265 4300 lienis&
287 4232 389 4291 modus
417 4251 479 4290 eam
506 4233 677 4309 praedicandi
706 4244 750 4290 est
778 4235 863 4291 veluti
892 4235 998 4293 idioma
1027 4235 1227 4312 incognitum
1251 4236 1320 4293 adeo

117 4343 244 4412 remotus
273 4341 316 4386 est
340 4349 357 4386 a
381 4329 561 4406 simplicitate
587 4330 800 4406 Apostolorum,
831 4330 860 4388 dc
888 4349 975 4409 supra
995 4351 1179 4391 communem
1204 4345 1318 4412 captum
