2730 5018
284 38 342 91 ιἸ·

344 272 421 336 ἸΒΕ
441 271 645 338 JUSTITlAE
667 274 978 357 PERFEOTIONE.
1211 276 1269 334 347

152 850 156 854 .
240 794 383 861 orror
403 799 443 860 x.
484 801 541 860 ne
562 778 768 863 rusvrvrm
790 756 1101 872 rennuendum

309 1009 420 1070 Securo
434 1011 458 1070 l.
497 1011 545 1070 Ds
560 1003 787 1073 ennonrroimrr
800 1033 1033 1078 onsnnvarroun.

112 1170 182 1227 ³41.
204 1167 344 1235 Quamvis
360 1168 498 1226 Calvinus
519 1171 662 1228 censuerit
682 1171 828 1230 hominem
853 1192 911 1231 non
934 1193 1019 1251 posse
1034 1194 1051 1232 a
1066 1175 1269 1251 justificatione

80 1260 215 1332 abdidere,
230 1281 289 1322 non
302 1264 367 1322 ideo
381 1273 476 1324 tamen
490 1283 556 1323 oum
578 1266 735 1342 perfectum
751 1267 923 1342 predicavit,
937 1257 992 1326 sed
1016 1271 1151 1345 imparem
1174 1271 1269 1346 potius

78 1358 213 1419 mortis
227 1361 394 1420 servandis:
416 1362 531 1420 “nemo
546 1363 623 1421 enirn
638 1363 801 1432 nostrum,”
814 1365 917 1437 inquit,
932 1366 1110 1424 “servandis
1131 1367 1270 1424 mandatis

73 1472 126 1531 lm
138 1455 230 1516 mm

111 1553 184 1608 342.
204 1551 359 1610 Jansenius
372 1552 486 1612 calvini
500 1554 622 1630 vestigia
635 1573 688 1629 pro
700 1573 779 1612 more
790 1556 911 1631 pressit:
929 1565 948 1593 ¹¹
960 1556 1032 1615 Haec
1043 1557 1130 1634 igitur
1140 1557 1271 1625 omnia‚’'

66 1646 142 1705 dicit
152 1645 357 1724 postquredem
367 1647 533 1725 disceptata,
551 1660 570 1687 ‘⁴
581 1650 747 1727 plenissime
763 1652 987 1727 planissimeque
996 1652 1190 1712 demonstrant
1201 1653 1274 1711 nihil

67 1762 138 1802 esse
149 1746 179 1802 in
196 1737 293 1806 sineri
305 1747 459 1823 Augustini
469 1746 605 1805 doctrina,
617 1748 721 1805 certius
736 1767 769 1805 ac
784 1747 936 1817 sundatius,
952 1769 1037 1823 quam
1052 1769 1116 1808 esse
1132 1760 1272 1827 precepta

66 1841 216 1925 quiedam,
231 1861 295 1915 quae
309 1842 474 1900 hominibus
488 1837 670 1901 nontantum
690 1842 863 1912 infidelibus,
876 1846 1036 1911 excecatis,
1052 1846 1205 1911 obduratis,
1221 1843 1273 1902 sed

59 1928 207 1999 &delicus
221 1955 346 2011 quoque,
356 1949 385 1995 et
394 1938 481 2012 justis
493 1937 664 2005 volentibus,
677 1940 855 2019 conantibus,
868 1924 1024 1999 secunduln
1034 1952 1190 2018 praesentes
1202 1959 1273 2013 quas

59 2030 180 2187 *chent
194 2025 361 2100 virescunt
373 2033 582 2108 impossibilia:
606 2033 707 2090 deesse
722 2052 836 2107 quoque
850 2037 979 2112 gretiam,
995 2055 1052 2109 qua
1064 2037 1133 2095 fiant
1153 2036 1274 2114 possibi-

59 2146 67 2153 ··
85 2128 160 2187 Μ’
198 2128 281 2194 Ηοο
305 2147 342 2186 ex
369 2128 434 2187 loco
461 2138 587 2186 extracta
614 2138 658 2185 est
685 2128 817 2187 damnata
844 2133 1020 2207 propositio:
1056 2132 1189 2205 “Aliqua
1217 2131 1274 2188 Dei

61 2216 217 2304 'praecepta
238 2225 404 2283 hominibus
421 2225 508 2300 justis
522 2225 684 2283 volentibus
705 2238 734 2283 et
757 2227 925 2285 conantibus
939 2227 1097 2286 secundum
1118 2238 1273 2304 presentes

74 2342 145 2397 quas
158 2323 267 2382 habent
279 2323 362 2389 vires,
378 2332 444 2379 sunt
458 2322 659 2398 impossibilia,
675 2322 755 2380 deest
769 2342 884 2397 quoque
898 2325 934 2382 iis
946 2324 1045 2401 gratia,
1057 2344 1115 2398 qua
1125 2325 1275 2403 possibilia

75 2420 177 2480 liant.”
1074 2446 1077 2450 ·

102 2523 182 2578 ude.
205 2518 419 2595 Presbyteriani
433 2518 574 2586 hodierni,
590 2536 647 2576 non
662 2519 783 2577 obscure
798 2516 1049 2578 docentmandata
1061 2537 1125 2576 esse
1140 2520 1275 2595 impossi-

74 2615 140 2674 bilia
153 2617 241 2674 etiam
250 2615 349 2693 justis,
365 2614 436 2673 adeo
449 2626 481 2673 ut
494 2633 529 2673 ea
542 2614 669 2688 quotidie
685 2613 866 2690 cogitatione,
882 2615 978 2682 verbo,
994 2626 1023 2671 ct
1030 2633 1129 2690 opere,
1145 2615 1275 2682 violent,⁸

74 2723 102 2770 et
124 2711 244 2786 quidem
267 2729 300 2769 ea
318 2713 427 2770 ratione
448 2711 733 2790 utomaledicticnem
755 2708 892 2776 divinam,
912 2704 1114 2782 interitumque
1136 2721 1273 2771 aeternum

75 2821 247 2868 mereantur.
287 2807 414 2874 Qualteri
427 2827 444 2866 e
458 2818 556 2866 contra
570 2807 668 2865 dicunt
682 2807 828 2865 hominem
844 2805 879 2863 ad
895 2815 1000 2863 tantam
1017 2805 1220 2883 perfectionem
1237 2817 1276 2864 at-

75 2906 184 2982 tingere
201 2922 297 2981 posse,
313 2914 345 2962 ut
358 2922 412 2962 nec
426 2904 572 2962 levissime
588 2911 714 2980 peccet.⁴

111 3006 182 3061 344.
207 3001 371 3061 Concilium
397 3001 599 3060 'I'ridentinum
623 3002 653 3059 in
679 3000 816 3059 doctrinae
841 3000 986 3058 catholice
1012 2999 1192 3076 expositione
1217 3001 1274 3058 eitr

74 3099 204 3158 “Nemo
217 3099 366 3157 temeraria
387 3098 446 3165 illa,
461 3107 490 3155 et
512 3098 676 3155 aPatribns
698 3099 751 3156 sub
770 3097 948 3155 anathemate
968 3097 1111 3173 prohibita
1129 3115 1199 3155 voce
1222 3099 1274 3165 uti,
1351 3165 1356 3170 Ι

75 3197 197 3274 (debet.)
212 3196 268 3254 Dei
283 3204 425 3273 praecepta
437 3196 549 3254 homini
560 3195 717 3272 justificato
729 3194 765 3253 ad
776 3193 982 3254 observandum
996 3212 1060 3252 csse
1075 3195 1281 3271 impossibilia«

75 3293 153 3352 Nam
178 3293 259 3354 Deus
285 3292 474 3369 impossibilia
499 3311 557 3350 non
574 3293 666 3369 jubet,
688 3292 741 3350 sed
757 3290 886 3368 jubendo
908 3300 1007 3349 monet
1030 3301 1058 3348 et
1080 3290 1173 3350 facere
1199 3290 1275 3364 quod

77 3392 186 3470 possis,
202 3403 232 3452 et
245 3401 340 3469 petere
354 3389 432 3464 quod
445 3408 503 3447 non
517 3391 624 3465 possis,
638 3400 667 3447 et
681 3389 794 3465 adjuvat
807 3401 839 3447 ut
860 3387 1003 3465 possis.'’⁵
1043 3389 1194 3447 Cononem
1209 3393 1276 3446 verd

72 3584 111 3655 tia
123 3585 290 3652 constituto,
304 3601 370 3641 esse
383 3581 419 3640 ad
433 3580 641 3640 observandum
656 3578 862 3656 impossibilia;
878 3576 1028 3634 anathema
1041 3561 1142 3634 sit.’'⁰'

109 3796 153 3860 (l)
175 3793 235 3844 Inet.
247 3795 264 3844 l.
275 3793 310 3843 iii.
322 3810 343 3843 c.
355 3793 422 3843 xviii.
434 3795 458 3842 9.

110 3880 154 3946 (2)
174 3877 204 3927 L.
216 3878 252 3928 iii.
263 3878 293 3928 de
304 3878 391 3927 Gratia
399 3895 421 3927 c.
432 3877 485 3926 xiii.
1051 3935 1054 3938 ‚

100 3965 153 4029 Ι(3)
173 3970 188 3994 “
196 3963 223 4014 N
225 3980 239 4013 o
250 3980 309 4013 man
320 3963 342 4013 is
353 3963 407 4012 oble
418 3962 495 4012 either
505 3961 534 4010 of
546 3959 650 4020 hirrrselt',
662 3975 689 4008 or
698 3959 731 4022 by
743 3972 792 4021 nny
805 3970 875 4019 grace
885 3955 994 4005 received
1007 3955 1034 4004 in
1045 3953 1094 4004 this
1104 3954 1153 4014 life,
1163 3954 1279 4019 perfectly

75 4059 100 4101 to
111 4053 176 4115 keep
189 4051 231 4101 the
242 4050 453 4100 commandments
464 4049 493 4097 os
506 4047 577 4106 Godr
595 4047 639 4096 but
650 4044 709 4095 dotlr
727 4043 793 4108 drily
804 4043 878 4093 break
894 4042 962 4092 thern
982 4042 1009 4092 iu
1026 4041 1139 4103 thought,
1150 4040 1217 4090 vvord
1228 4041 1282 4090 and'
1298 4092 1304 4103 ,

75 4137 160 4190 deedss’
178 4137 270 4200 Larger
282 4135 430 4196 catechism,
440 4135 466 4185 ii.
479 4136 536 4182 149.
571 4139 586 4163 ¹‘
594 4134 677 4197 Every
688 4131 735 4192 sin,
747 4129 862 4182 even'the
873 4131 942 4189 least,
953 4129 1027 4191 being
1044 4128 1139 4190 against
1155 4128 1197 4177 the
1213 4142 1281 4176 sove-

74 4224 179 4287 reignty,
195 4222 324 4284 goodnoss,
343 4221 391 4271 and
410 4221 518 4272 holiness
536 4221 565 4269 os
578 4218 642 4278 God,
653 4217 702 4267 end
721 4215 817 4279 against
836 4215 875 4265 his
893 4213 1018 4277 righteeus
1035 4214 1090 4273 lavv,
1101 4211 1226 4262 deserveth
1242 4211 1283 4262 hi·

74 4309 153 4360 wreth
164 4309 213 4358 end
224 4323 303 4368 curre,
313 4307 373 4358 both
384 4308 411 4356 in
419 4307 468 4358 thir
478 4306 528 4366 lile,
540 4306 589 4355 and
600 4304 653 4354 that
664 4301 747 4352 which
758 4302 781 4352 is
792 4309 818 4353 to
828 4298 922 4352 come.”
955 4299 989 4359 Q.
1001 4299 1058 4347 152.

114 4395 158 4462 (4)
176 4394 237 4445 viii.
247 4410 316 4459 prop.
327 4393 391 4460 apud
404 4393 516 4456 Barclay.

119 4481 163 4546 (5)
182 4480 248 4529 Sese.
260 4480 293 4529 vi.
304 4496 326 4529 c.
337 4479 372 4529 xl.

115 4566 159 4634 (6)
180 4563 244 4614 Oen.
256 4563 324 4614 xviit
