2744 5024
548 218 605 287 DE
626 220 723 281 ΗΒΕ
734 219 879 281 RTATE

126 677 266 737 CAPUT
287 676 372 736 xm.
413 674 471 736 DE
492 674 731 740 LIBERTATE
751 675 806 735 ΔΙ)
829 671 1078 741 MERENDUM
1100 669 1259 730 NECES-

622 773 752 832 sinin.

130 952 200 1006 446.
222 947 359 1007 Liberum
383 948 529 1006 arbitrium
549 947 585 1005 od
606 948 699 1006 meriti
719 946 856 1004 rationem
877 943 981 1016 requiri
1001 949 1169 1000 consecutor
1192 938 1290 999 docuit

92 1041 313 1115 Ecclesiu'quoe
322 1042 569 1121 idcircohumaure
581 1042 732 1100 voluntatis
741 1041 897 1099 libertatem
911 1039 1005 1104 aiato,
1018 1037 1067 1095 cui
1079 1054 1147 1095 eam
1157 1033 1290 1110 subjicio·

92 1140 161 1199 bant
174 1141 276 1208 Stoici,
297 1152 328 1198 ct
340 1160 358 1196 a
376 1140 581 1216 psscipiorum
602 1140 739 1201 duorum,
761 1138 829 1195 boni
850 1136 960 1193 scilicet
978 1143 1008 1192 et
1026 1133 1106 1203 mali,
1129 1131 1289 1198 dominatu,
1331 1116 1352 1175 ⁴

92 1254 178 1308 quem
193 1236 332 1309 statuebat
346 1235 461 1299 Mones,
477 1233 638 1290 vindicarit
679 1231 831 1314 Lutherus¹
848 1248 964 1289 serrum
983 1228 1102 1287 vocabat
1128 1226 1289 1292 arbitrium,

90 1329 219 1401 illudque
232 1310 349 1404 agrati}
358 1329 467 1385 moveri
480 1326 603 1394 dicebat,
617 1345 653 1384 ea
664 1330 774 1385 ratione
787 1339 819 1384 ut
832 1344 907 1402 opus
921 1336 1010 1384 totum
1026 1323 1083 1381 Dei
1096 1323 1180 1381 soret.
1224 1321 1292 1378 Cal·

92 1425 176 1483 riuus
190 1423 267 1481 idem
290 1422 428 1480 cedidit·
466 1423 556 1499 Bajus
582 1424 781 1481 necessitatem
804 1442 869 1480 oum
896 1422 1023 1480 libertate
1042 1419 1180 1495 componi
1205 1436 1292 1496 posse

89 1519 226 1576 censuit.¹
263 1516 418 1574 Jnuseuius
431 1516 544 1575 docuit:
567 1527 588 1554 ‘⁸
600 1535 714 1576 omnem
729 1518 847 1575 omnino
867 1517 1052 1580 voluntatem,
1067 1524 1291 1586 quantumcum-

91 1629 147 1684 que
162 1611 197 1668 ad
209 1629 296 1677 unum
311 1611 536 1679 determinotam,
552 1613 629 1670 nulla
643 1613 691 1670 tali
704 1613 872 1670 necessitate
886 1629 944 1684 qua
956 1609 1060 1667 dicitnr
1072 1625 1193 1666 necesse
1203 1619 1292 1665 estut

89 1708 167 1773 velit,
181 1706 312 1766 desinere
324 1725 389 1766 csse
398 1707 566 1766 liberunt·
606 1709 685 1766 Hinc
698 1708 829 1766 damnata
849 1717 894 1765 est
907 1707 1066 1783 propositio
1078 1723 1117 1762 ex
1131 1706 1204 1762 libro
1218 1706 1284 1781 ejus

45 1792 52 1803 ⁶
90 1803 258 1878 desumpta:
279 1803 343 1861 “ad
359 1803 525 1862 merendum
550 1805 594 1862 rel
615 1803 818 1862 demerendum
840 1805 868 1861 in
891 1812 964 1860 statu
993 1810 1098 1859 nature
1119 1800 1207 1877 lapsae
1229 1819 1289 1858 non

92 1901 243 1972 requiritur
266 1901 297 1958 iu
318 1900 436 1959 homine
458 1902 572 1958 libertas
596 1920 614 1958 a
635 1902 814 1967 necessitate,
841 1899 892 1957 scd
916 1897 1022 1958 sufficit
1035 1898 1149 1955 libertas
1172 1916 1294 1955 acoac·

92 1996 215 2055 tione.”⁴
241 1996 337 2061 Qunm
350 1997 438 2054 homo
452 1996 647 2055 delectationis
661 2007 788 2064 terrene,
803 1996 847 2054 rei
861 1996 992 2063 celestis,
1007 1995 1108 2071 majori
1123 1994 1169 2052 vel
1182 1994 1292 2051 minori

92 2091 229 2167 pondere,
244 2092 406 2149 iieoessariri
420 2102 527 2168 agatur,
538 2094 623 2169 juxta
636 2091 655 2149 J
657 2094 816 2159 ausonium,
831 2093 870 2149 ita
883 2102 978 2150 tamen
999 2101 1030 2148 ut
1042 2090 1173 2148 voluntas
1186 2089 1292 2148 lubens

93 2201 166 2264 agat,
182 2202 211 2246 et
224 2191 253 2246 in
266 2208 409 2246 consensu
425 2190 480 2246 sibi
493 2190 679 2265 complaceat,
696 2191 765 2261 quin
787 2189 855 2245 alias
871 2189 931 2246 fieri
946 2190 1047 2264 possit,
1062 2206 1096 2245 ea
1109 2195 1231 2264 urgente
1245 2185 1293 2245 de-

92 2283 252 2350 lectatione,
268 2285 424 2342 iibertatem
436 2300 465 2342 et
479 2287 610 2344 meritum
621 2304 686 2344 oum
699 2286 747 2343 illa
756 2286 925 2343 necessitate
934 2285 1056 2342 existere
1066 2302 1154 2361 posse
1167 2287 1295 2342 censuit.

93 2377 128 2436 ln
136 2397 171 2436 eo
180 2391 274 2435 autem
287 2379 401 2435 Caluini
412 2380 496 2454 plane
508 2379 627 2438 adhaesit
638 2382 759 2456 placitis,
767 2381 880 2438 diversa
890 2383 998 2438 ratione
1009 2379 1146 2452 loquendi
1155 2377 1293 2438 adhibita.

132 2478 201 2532 446.
224 2475 437 2550 Presbyteriaui
459 2474 564 2534 docent
576 2477 731 2535 humanam
756 2477 929 2536 voluntatem
943 2477 1062 2536 naturali
1077 2477 1185 2554 pollere
1209 2477 1295 2535 libcr-

95 2582 196 2638 tate,et
208 2583 310 2647 negant
322 2590 385 2629 earn
397 2572 473 2647 cogi,
484 2572 529 2629 vel
540 2573 634 2645 aliqua
645 2573 772 2630 absoluta
783 2576 951 2630 necessitate
963 2588 1066 2631 naturae
1079 2574 1114 2629 ad
1126 2573 1236 2630 bonum
1249 2573 1295 2630 vei

95 2670 202 2727 malurn
215 2669 405 2725 determinari.
448 2670 521 2727 Eam
538 2671 654 2728 naturali
667 2672 775 2746 peccati
789 2672 923 2728 servitute
937 2671 1048 2727 liberari
1062 2670 1123 2726 sola
1134 2670 1190 2727 Dei
1203 2671 1296 2745 gratia

94 2766 210 2828 addunt,
226 2783 281 2836 qua
296 2765 327 2820 fit
341 2777 370 2820 ut
384 2765 471 2821 libere
488 2766 596 2822 vetitet
616 2777 679 2842 agat
699 2767 830 2822 bonum.⁵
871 2767 1010 2841 Spiritum
1033 2766 1169 2824 Sanctum
1192 2766 1295 2822 volun·

94 2874 178 2918 tatem
192 2862 284 2934 ipsam
300 2861 328 2916 in
338 2862 442 2917 sanctis
457 2862 567 2937 operari
582 2862 688 2928 dicunt,
704 2861 790 2934 quod,
802 2862 885 2936 juxta
906 2861 1019 2918 calvini
1042 2873 1178 2926 mentem,
1193 2859 1295 2917 viden-

96 2971 139 3014 tur
153 2955 320 3030 intelligere,
330 2956 367 3011 ita
382 2968 412 3012 ut
426 2956 601 3032 repugnandi
615 2967 738 3030 potestas
749 2957 831 3022 absit,
846 2955 910 3012 Deo
922 2956 1138 3030 praedestinante
1152 2954 1294 3012 utvelint.

1332 2264 1342 2291 1

602 3146 785 3184 ΡΒΟΡΟΕΙΤΙΟ.

134 3283 186 3340 Ad
192 3284 342 3345 meritum,
361 3281 439 3336 sicut
454 3287 480 3335 et
494 3280 534 3337 od
553 3280 738 3348 demeritum,
752 3284 916 3358 requiritur
928 3284 1018 3343 etium
1032 3283 1065 3341 in
1079 3288 1161 3340 statu
1175 3290 1297 3341 noturae.

94 3380 193 3456 lupen,
205 3377 353 3434 libertato
364 3375 545 3440 necessitate,
557 3394 608 3434 nec
620 3378 728 3455 sufficit
738 3378 858 3438 libertos
871 3381 1060 3443 ocooctione.
1148 3406 1151 3411 ·

133 3473 284 3531 Probatur
299 3472 319 3530 I
337 3491 371 3530 eor
389 3471 563 3550 Scripturis.

61 3619 72 3636 ,
134 3576 202 3631 447.
225 3572 325 3629 Moses
341 3569 475 3626 Israelitis
487 3570 580 3646 legem
596 3571 763 3628 servandam
779 3590 952 3648 proponens,
969 3571 1031 3627 vitae
1046 3569 1148 3646 gaudia
1162 3580 1191 3625 et
1205 3570 1295 3628 bene·

94 3668 247 3726 dictionem
263 3668 406 3725 caeiestem
419 3666 475 3722 illis
491 3666 632 3740 pollicitus
648 3678 700 3733 est,
712 3686 745 3723 ea
756 3669 917 3725 conditione
929 3680 959 3723 ut
970 3667 1062 3742 legem
1077 3684 1190 3722 servare
1205 3666 1295 3742 elige-

93 3775 173 3822 rent:
187 3764 286 3820 electio
297 3776 388 3819 nutern
402 3762 462 3818 fieri
470 3763 576 3835 nequit,
588 3764 612 3818 si
624 3764 687 3834 quis
699 3767 864 3822 necessitate
875 3764 908 3821 aii
918 3782 1007 3822 unum
1016 3762 1219 3819 determinatus
1233 3763 1294 3821 sue·

140 3977 150 4020 l
182 3972 268 4035 Supra,
276 3987 300 4034 p.
312 3972 369 4019 286.

180 4057 252 4118 Prop.
266 4057 306 4112 39,
319 4057 359 4112 66,
372 4057 412 4111 67,
429 4055 492 4102 inter
504 4053 637 4101 damnatas.

184 4140 213 4187 L.
225 4140 256 4187 ri.
266 4139 295 4186 de
307 4138 381 4199 gratia
394 4137 485 4185 Christi
498 4137 637 4196 servatoris,
648 4153 668 4187 c.
680 4139 713 4186 vi.

126 4311 166 4375 (5)
185 4311 241 4359 God
252 4317 265 4338 “
279 4311 309 4372 by
319 4308 358 4356 his
369 4323 439 4380 grace
449 4308 519 4355 alone
530 4307 628 4354 enables
639 4305 690 4353 him
702 4307 775 4369 freeiy
788 4314 813 4355 to
825 4308 875 4358 will
885 4309 932 4358 und
946 4317 969 4359 to
981 4310 1012 4359 do
1030 4309 1081 4359 that
1100 4307 1182 4359 which
1201 4310 1224 4359 is
1242 4311 1290 4376 spi·

90 4393 186 4456 ritually
199 4392 285 4455 good.”
321 4392 490 4455 Presbyterion
503 4390 657 4449 Confession,
669 4390 708 4439 ch.
725 4390 758 4439 ix.
