2730 5018
78 281 143 353 tta
171 358 199 405 β
242 307 245 310 <
469 262 533 351 un
548 279 752 351 PRIMAEVA
773 279 885 343 mnu,

123 439 193 508 233.
205 435 287 520 Libri
296 435 557 514 Sibylliniinsuper
566 436 601 501 ed
611 437 769 506 seeundum
779 439 913 497 seculum
923 438 1047 498 medium
1059 434 1202 498 referendi
1211 441 1296 501 sunt,

52 564 55 570 2
82 533 242 602 criticorum
253 532 375 609 judicio,
389 543 417 590 ct
429 531 601 602 Christiane
616 534 684 592 fidei
705 534 742 592 de
756 534 877 593 Christo
895 534 1052 595 manifestd
1065 531 1297 593 accommodati.

81 629 117 703 ln
127 630 166 703 iis
178 629 318 688 Christus
333 649 453 707 magnus
468 629 550 705 Deus
564 632 672 706 passim
688 632 855 708 appellatur,
870 635 921 706 qui
931 633 1033 692 caelum
1048 631 1178 693 condidit
1189 640 1220 687 et
1234 637 1293 686 ter-
1328 674 1334 683 .

67 734 197 796 ·ram,et
210 712 478 804 ioVirgiu-is'nte'ro
492 714 581 784 bomo
595 739 751 802 conceptus
765 738 819 785 ast.
1255 742 1266 750 “

459 859 564 919 Αὐτὸςό
575 863 696 929 peroribus
706 858 719 910 ὁ
730 857 889 926 respuatis}
965 860 974 882 ⁴·

536 1021 832 1061 sumamuslcnus.

101 1210 103 1215 .
124 1160 194 1224 231.
216 1160 326 1220 Eritis
340 1179 404 1234 qnae
418 1124 626 1236 dispiitarimus
641 1169 752 1219 constat
765 1157 915 1217 Christum
930 1158 1024 1216 Deum
1048 1177 1146 1216 renim
1161 1115 1293 1233 spritum

82 1255 176 1314 misse
188 1257 224 1339 ab
236 1257 308 1333 ipsis
322 1256 364 1314 rei
378 1256 541 1314 christiana
554 1253 691 1323 exordiis,
708 1256 773 1330 ipsc
787 1273 820 1312 se
835 1255 900 1312 Dec
915 1255 994 1312 Petri
1012 1273 1110 1330 parem
1124 1252 1295 1339 exhibente,

79 1351 216 1505 ἓὲῃνίι
231 1350 349 1428 originis
363 1351 472 1410 ratione
486 1350 581 1408 minor
594 1349 806 1422 quodammodo
827 1349 924 1406 haberi
940 1351 1043 1425 pessit,
1062 1359 1091 1406 et
1105 1347 1231 1405 humana
1245 1364 1304 1403 ass

151 1454 200 1521 pta
213 1456 311 1504 natura
333 1445 406 1521 ipsis
432 1443 541 1520 angelis
562 1444 657 1502 m’mor
680 1443 772 1501 lactus
795 1445 844 1500 sit.
884 1444 980 1501 Deum
1002 1432 1096 1501 autern
1119 1461 1207 1500 unum
1224 1459 1295 1498 esse

83 1541 307 1618 temperdocuit
320 1542 465 1612 Ecclesia,
477 1541 600 1613 ideoque
611 1560 696 1600 unam
709 1541 833 1613 utrique,
847 1541 928 1598 Patri⁴
937 1541 1050 1598 scilieet
1063 1552 1091 1598 et
1104 1540 1192 1606 Filio,
1203 1551 1235 1595 ut
1249 1538 1295 1595 in·

84 1639 167 1709 mrim
182 1638 220 1696 de
232 1622 341 1714 Spiritu
356 1638 462 1695 Sancto
476 1637 626 1705 silcamus,
641 1639 836 1704 substantiam,
852 1649 990 1705 naturam,
1013 1648 1041 1694 et
1055 1637 1209 1694 essentiam
1224 1645 1293 1691 esse

84 1740 162 1791 carto
173 1732 327 1790 tenendum
342 1741 396 1789 est.
437 1731 470 1790 ld
484 1731 652 1789 definientes
666 1732 779 1789 Nicaeni
793 1732 893 1789 Patres
909 1733 1117 1808 seripturarum
1135 1740 1291 1788 tennerunt

83 1826 246 1895 ueritatem,
269 1838 299 1885 et
320 1827 407 1886 fidem
421 1828 512 1886 semel
532 1829 638 1886 sanctis
659 1828 800 1896 traditam,
820 1841 849 1886 et
869 1828 1006 1904 perpetud
1025 1829 1169 1905 rigentem
1191 1836 1293 1887 contra

17 1964 22 1973 ·
87 1923 275 1983 temeritatem
284 1923 436 1991 humanam
448 1924 637 1982 vindicarunt.
646 1924 789 1997 Equidem
800 1943 838 1982 ex
849 1926 963 2000 scriptis
974 1944 1009 1982 ea
1017 1925 1168 1982 occasione
1180 1932 1295 1980 constat
1332 1913 1335 1917 ’

86 2029 214 2078 vetustos
228 2029 368 2088 auctores,
377 2021 576 2079 sanctissimos
587 2021 727 2078 Ecclesiae
740 2033 844 2097 patres,
858 2021 1011 2083 concilium
1024 2021 1146 2097 ejusque
1160 2020 1293 2077 vindices

85 2116 207 2176 fidenter
220 2107 390 2191 appellasse,
414 2116 529 2173 Arianis
542 2134 657 2192 semper
670 2116 884 2175 reluctantibus.
923 2117 1096 2174 Athanasius
1117 2117 1171 2173 hos
1186 2117 1229 2172 sic
1244 2133 1294 2173 ur-

85 2220 155 2288 get:
177 2211 255 2268 “En
268 2210 355 2285 igitur
367 2228 420 2269 nos
435 2210 552 2282 quidem
571 2211 646 2270 banc
660 2214 828 2271 sententiam
843 2233 859 2271 a
881 2213 1013 2270 Patribus
1028 2211 1064 2269 ad
1085 2213 1187 2271 Patres
1201 2221 1294 2269 trans-

83 2304 156 2364 iisse
176 2303 425 2380 demonstrantium
446 2324 498 2363 ros
520 2316 624 2374 autem,
646 2326 664 2364 ο
686 2309 753 2365 noui
775 2307 869 2365 Jndaei
890 2345 931 2365 ..
955 2347 963 2364 .
985 2349 995 2365 .
1015 2326 1089 2379 quos
1114 2307 1225 2374 Patres,
1242 2305 1293 2378 qui

85 2402 189 2460 rucis
200 2401 310 2459 coculis
324 2399 454 2468 faverint,
469 2403 606 2460 exhibere
618 2405 736 2479 potestis
748 2406 761 2461 ἒ
782 2406 891 2462 nullum
906 2414 980 2462 certe
996 2404 1164 2480 prudentem
1177 2413 1205 2460 et
1214 2401 1293 2478 sapi·

84 2506 183 2555 autern
196 2514 332 2569 umquam
354 2496 546 2572 proseritis.”²
584 2497 701 2574 Optime
722 2499 837 2557 'adnotat
861 2500 993 2576 egregius
1013 2498 1111 2556 doctor
1131 2497 1293 2555 discrimen

85 2592 309 2651 internetionem
324 2609 380 2663 uua
393 2591 430 2648 de
444 2593 586 2668 paschatis
600 2594 647 2651 die
661 2605 845 2663 censuerunt,
857 2605 886 2652 et
899 2595 943 2659 de,
958 2594 1016 2651 fide
1035 2593 1187 2668 mysterii:
1209 2601 1232 2628 ‘⁴
1243 2591 1294 2650 De

84 2689 222 2764 paschate
237 2687 353 2761 quidem
367 2688 406 2746 ita
425 2689 566 2765 scripsere
577 2688 734 2748 :Decreta
747 2694 819 2748 aunt
839 2708 904 2767 pce
923 2697 1108 2766 sequuntur:
1129 2701 1196 2746 tnnc
1210 2688 1293 2746 enim

87 2783 232 2841 decretum
247 2792 300 2851 est,
316 2793 347 2840 ut
359 2801 460 2841 omnes
475 2804 583 2842 morem
599 2797 747 2861 gererent3
769 2786 804 2842 de
819 2786 874 2843 lide
890 2804 960 2842 vero
972 2773 1155 2856 nequaquam
1168 2784 1294 2841 dixere:

87 2877 248 2938 Decretum
260 2885 303 2936 cat
311 2900 325 2949 ,-
345 2879 398 2938 sed
413 2879 463 2938 Sic
484 2881 575 2940 caedit
589 2881 732 2940 cutlrolr'cc
745 2881 884 2940 Ecclesia
905 2922 913 2938 .
937 2922 944 2938 .
968 2923 976 2938 .
998 2891 1029 2938 ut
1043 2881 1216 2950 declararent
1232 2875 1296 2937 tion

87 2975 288 3041 recentiorum,
313 2975 363 3032 red
385 2977 571 3051 apostolicam
586 2996 651 3034 csse
671 2997 756 3035 susm
768 2978 956 3035 sententiam:
979 2997 1099 3049 quaeque
1123 2977 1165 3033 illi
1182 2977 1295 3051 scripto

12 3104 15 3108 Δ
87 3069 239 3138 tradidere,
250 3089 308 3128 non
323 3073 357 3128 ab
372 3071 428 3128 illis
442 3073 568 3140 inuenta,
588 3073 639 3131 sed
654 3093 687 3131 ea
701 3075 764 3149 ipsa
777 3073 843 3131 sunt
858 3093 920 3146 qua
937 3074 1093 3130 ‹locuerunt
1107 3072 1297 3148 Apostoli.”=

125 3169 196 3224 285.
217 3165 286 3224 Jure
299 3166 408 3241 optimo
423 3168 576 3231 concilium
591 3186 691 3225 rocem
719 3178 836 3237 ‘opem
856 3167 1136 3226 consubstantialem
1154 3167 1295 3224 adhibue-

88 3269 155 3319 runt
168 3261 257 3318 veluti
268 3260 336 3317 fidei
351 3270 505 3320 tesseram:
528 3282 594 3320 nam
609 3275 717 3321 certum
738 3265 787 3340 jus
802 3265 907 3321 babent
932 3265 1073 3321 Ecclesiae
1095 3264 1296 3339 praesulesea

85 3355 257 3414 decernendi
272 3374 336 3428 quae
350 3357 385 3414 ad
402 3357 526 3433 depositi
546 3358 635 3417 dirici
648 3359 806 3416 custodiam
820 3379 873 3436 pro
896 3370 1055 3435 temporum
1072 3361 1207 3415 varietate
1223 3370 1297 3416 sunt

86 3452 266 3515 necessaria:
298 3453 327 3510 in
342 3471 375 3510 ea
390 3464 484 3511 autem
499 3464 658 3531 temporum
674 3456 845 3521 conditione,
872 3457 985 3513 Arianis
1000 3457 1073 3511 mira
1088 3455 1199 3510 vafritie
1213 3455 1295 3510 voci*

87 3547 141 3605 bus
156 3547 299 3623 plerisque
314 3549 480 3626 ambiguum
496 3536 683 3609 tribuentibus
698 3569 824 3633 sspsum,
845 3570 949 3622 easque
966 3550 1071 3607 idcirco
1086 3549 1120 3606 ad
1135 3549 1295 3607 fallendum

86 3645 298 3720 usurpantibus,
313 3645 438 3719 oportuit
448 3663 482 3702 ea
496 3647 603 3704 ratione
615 3646 700 3704 fidem
713 3646 877 3722 praedicare,
891 3665 949 3718 qua
959 3665 1057 3702 eornm
1068 3643 1162 3701 fraudi·
1176 3633 1294 3701 ebriam

84 3739 184 3797 iretur.
224 3738 335 3796 Vocem
350 3739 428 3798 illam
443 3741 599 3801 admodum
613 3761 678 3799 erse
692 3742 824 3799 idoneam
836 3761 872 3800 ex
887 3743 978 3817 ipsius
994 3742 1023 3798 vi
1034 3742 1127 3797 nativa
1142 3749 1239 3816 patet3
1261 3752 1293 3797 et

84 3833 281 3909 multomagis
296 3852 332 3891 ex
347 3834 516 3895 Arianorum
530 3839 676 3895 conatibus
692 3841 774 3894 toties
789 3838 890 3895 frustra
906 3838 1033 3911 repetitis
1048 3836 1082 3903 ad
1105 3855 1169 3894 eant
1189 3834 1294 3893 tollen·
1309 3849 1315 3856 ‘

24 3957 28 3964 ·
87 3927 163 3990 dam.
203 3929 355 4004 Sapienter
368 3931 454 4007 igitur
468 3934 583 3992 N'icaeni
597 3916 690 4010 patres
705 3953 769 3990 eam
784 3953 836 3990 sua
850 3934 1013 3990 auctoritate
1028 3940 1193 3989 sanxerunt.

53 4029 64 4038 “
125 4027 195 4081 236.
217 4023 333 4080 Liceret
346 4027 460 4084 concilii
474 4027 669 4086 definitionem
684 4028 849 4089 deChristo
865 4027 939 4094 Deo,
953 4029 1030 4086 Patri
1045 4027 1295 4093 consubstantiali,

34 4124 42 4129 “
87 4119 117 4187 ri
132 4117 303 4184 auctoritatis
318 4136 403 4190 quam
419 4121 481 4197 ipse
497 4124 594 4182 tribuit
613 4107 734 4181 docendi
756 4142 819 4195 quac
835 4123 1017 4182 mandaverat
1031 4122 1185 4189 vindicare,
1212 4121 1295 4194 quod

85 4214 199 4291 egregie
214 4213 345 4290 prestitit
368 4214 479 4284 Bullus,
502 4221 673 4291 ceteroquin
688 4219 745 4276 sibi
768 4237 825 4276 non
840 4231 994 4287 constansa
1014 4219 1132 4277 sienim
1152 4218 1292 4275 Christus

87 4309 257 4372 docentibus
277 4311 307 4370 in
321 4304 455 4372 Ecclesia
468 4304 582 4393 semper
599 4314 681 4384 adsit,
696 4316 723 4373 si
736 4316 822 4374 cetui
836 4317 1048 4393 episcoporum,
1072 4315 1122 4388 qui
1135 4313 1295 4391 Apostolo-

187 4468 224 4530 (1)
242 4468 274 4520 L.
290 4469 333 4535 vii¹¹
342 4486 366 4534 p.
377 4470 434 4518 659.
446 4469 486 4520 cit.
497 4470 525 4530 in
536 4485 607 4536 opere
617 4473 766 4535 praelaudato
776 4472 871 4550 Moruni
884 4478 897 4534 ς
911 4492 936 4525 r.

184 4557 222 4614 (2)
240 4554 270 4604 ln
282 4554 321 4605 lib.
333 4555 364 4604 dc
374 4554 475 4604 decretis
486 4554 543 4604 Nic.
554 4557 649 4620 synodi,
661 4573 729 4607 nuru.
741 4561 782 4616 tt,
794 4574 819 4622 p.
830 4561 888 4617 233,
900 4566 958 4610 tom·
971 4555 1056 4611 tedit.
1066 4555 1167 4610 Bened-
1235 4618 1237 4625 Ι

46 4657 51 4668 =
184 4635 221 4702 (³)
238 4638 319 4692 Inlib.
329 4639 360 4694 de
371 4639 476 4707 synodis
487 4640 591 4696 triam
602 4648 628 4694 ct
637 4640 807 4730 80be
