2744 5024
468 277 525 343 aa
547 278 751 343 earumve
771 278 880 342 uua.
1018 274 1022 281 ·
1187 238 1190 243 ’
1222 282 1279 342 ua

76 432 102 493 et'
116 432 165 508 qui
181 432 281 513 ipsum
295 438 412 496 miserat
425 436 642 515 complacuit.”¹
662 439 817 497 Distinctio
832 439 900 497 Filii
915 458 932 495 a
945 437 1040 506 Patre,
1050 439 1190 496 eternitas
1204 440 1278 515 ejus,

79 541 105 588 et
117 528 252 590 divinitas
266 552 304 591 ex
319 534 364 591 his
376 535 547 608 testimoniis
562 536 713 593 manifesto
728 535 895 611 colligitur.²

115 631 186 684 uls.
208 628 310 687 Liceat
322 628 370 686 his
383 629 506 705 adjicere
521 630 629 689 illustre
643 630 721 704 quod
735 630 798 687 tulit
812 629 939 706 Ignatius
952 628 1068 688 Christo
1080 627 1144 688 Deo
1156 629 1281 691 testimu-
1322 701 1325 707 ι

45 734 50 753 ”
83 720 168 789 tium,
180 723 353 799 martyrium
367 725 522 783 subiturus.
564 725 757 802 Interrogatus
773 744 790 780 a
804 725 941 801 Trajano,
953 743 985 781 se
1000 724 1217 801 Theophorum,
1227 725 1282 782 sci·

86 814 146 875 licet
159 816 323 886 Deiserum‚
344 817 435 887 dixiu
470 830 499 877 et
519 822 681 892 questionis
713 821 779 894 quis
805 829 849 878 est
874 820 1088 897 Theophorusl
1112 819 1280 896 respondit:

54 964 57 969 .
89 910 393 984 ἅΧμςὸνέκανένςίμαις
414 915 502 982 “Qui
514 915 663 975 Christum
675 917 761 975 habet
774 916 972 992 inpeetore.’'⁸
1011 916 1106 977 Deum
1120 917 1206 993 igitur
1219 916 1284 984 sert,

60 1042 63 1047 -
92 1007 134 1089 qui
146 1006 296 1067 Christum
308 1009 404 1069 habet.
606 1002 609 1008 ’

123 1099 273 1161 Probatur
286 1102 350 1162 III.
365 1103 542 1185 Martyrum
555 1107 746 1167 testimoniis.

125 1200 191 1283 217.
207 1198 405 1259 Poarcsnsus
419 1205 586 1279 martyrium
598 1205 659 1280 jam
672 1205 826 1273 subiturus,
836 1204 967 1262 manibus
977 1214 1043 1280 post
1054 1215 1163 1280 tergum
1173 1201 1282 1260 reuinc-

97 1290 182 1359 lamio
191 1304 323 1368 precatus
333 1309 377 1352 est
385 1297 518 1356 Patremc
531 1301 585 1368 περί
598 1298 695 1354 πάντων
705 1305 764 1353 αἰνῶ
776 1319 809 1361 σε,
817 1304 906 1370 toucy&
917 1318 951 1359 σε,
958 1298 1050 1364 δοξάζω
1058 1319 1092 1358 σε.
1100 1304 1142 1354 σὺν
1149 1303 1186 1353 τῶ
1197 1298 1283 1364 bouq

97 1388 130 1441 etl
138 1390 266 1456 lnmrpwlp
274 1387 473 1461 ’lqooprturp
483 1409 603 1464 ayonqrp
612 1393 654 1446 soi
664 1392 743 1451 null,
753 1392 809 1460 μεθ’
820 1392 848 1446 rib
859 1389 916 1446 καί*
924 1396 1052 1460 nsrbpoaes
1063 1392 1124 1462 &plu
1134 1392 1151 1461 ἦ
1168 1391 1226 1452 δόξα
1241 1391 1284 1446 uui

98 1482 176 1535 meai
186 1486 222 1555 εἰς
232 1487 289 1545 τοὺς
298 1485 430 1551 μέλλοντας
440 1485 533 1548 ἅψας
552 1488 646 1555 414αᾶ
687 1495 707 1522 “
718 1485 763 1544 De
784 1488 917 1544 omnibus
937 1487 1021 1544 laudo
1036 1498 1072 1553 tc,
1087 1486 1225 1544 benedico
1247 1496 1284 1552 te,

98 1574 211 1650 doridos
226 1586 264 1644 te,
276 1597 341 1635 cum
356 1581 531 1656 sempiterno
545 1592 575 1639 et
588 1583 693 1639 caelesti
707 1582 778 1640 Jesu
792 1582 920 1649 Christo,
935 1583 1038 1641 dilecto
1049 1584 1125 1641 Filio
1137 1594 1204 1649 tuo;
1219 1601 1285 1643 cum

100 1688 146 1743 quo
165 1672 220 1729 tibi
236 1686 266 1730 et
290 1673 411 1750 Spiritui
431 1677 537 1734 Sancto
555 1677 654 1752 gloria,
670 1688 700 1735 et
719 1697 804 1745 nunc,
819 1690 849 1736 et
870 1680 1013 1737 insutum
1033 1680 1137 1738 saecula
1157 1677 1284 1737 Amen.''

99 1762 300 1826 Testimonium
315 1772 422 1828 summi
436 1772 529 1829 cultus
543 1791 629 1844 quem
646 1773 764 1830 Christo
786 1793 844 1849 prae
854 1775 1031 1848 ‚martyribus
1047 1776 1204 1832 tribuebant
1217 1774 1286 1831 fida·

64 1888 67 1895 ·
99 1858 142 1927 les,
155 1858 292 1919 dederunt
308 1865 513 1941 Smyrnenses,
528 1886 566 1924 ex
588 1869 718 1942 martyrii
734 1868 889 1943 Polycarpi
903 1869 1075 1938 occasione3
1097 1886 1185 1940 quum
1209 1869 1286 1925 cuim

99 1954 180 2015 iudei
195 1959 353 2018 voluissent
365 1962 505 2038 impedire
519 1983 556 2021 ne
571 1965 704 2039 martyris
720 1963 847 2035 reliquiae
862 1964 904 2020 eis
919 1962 1102 2031 traderentur,
1114 1962 1287 2021 affirmantes

98 2052 158 2120 lore,
172 2064 213 2121 ut,
229 2057 361 2115 crucifixi
375 2059 452 2116 cultu
467 2059 612 2127 derelicto,
629 2061 823 2136 Polycarpum
834 2060 991 2127 adorarent,
1004 2059 1157 2119 discrimen
1169 2059 1287 2118 affectus

98 2165 146 2221 quo
158 2152 407 2224 prosequebantur
421 2152 531 2211 Christi
547 2165 644 2223 testes,
660 2175 677 2211 a
690 2173 804 2212 summo
819 2155 881 2232 ejus
895 2156 973 2213 cultu
985 2164 1080 2232 aperte
1094 2154 1286 2213 declararunt:

97 2245 179 2298 Τοῦτον
189 2245 233 2312 μέν
243 2267 289 2316 pop
300 2247 353 2300 siso‘u
363 2252 423 2302 duro
431 2244 478 2303 iob
485 2251 541 2303 θεοῦ
553 2267 722 2320 προσκυνυμεν,
733 2251 821 2313 τούςδὲ
834 2249 954 2321 μάρτυρας
964 2255 995 2314 ὥς
1005 2252 1118 2321 μαθητὰς
1128 2253 1170 2304 uad
1181 2250 1290 2320 μιμητὰς

96 2332 133 2386 tos]
151 2329 233 2400 κυρίαν
244 2333 384 2403 &pontium-
407 2335 477 2398 ἀξίως
493 2338 563 2389 ἕνεκα
579 2335 667 2399 ἐννοίας
684 2335 861 2408 ἀνυπερθκήτου
878 2342 922 2409 τῇς
939 2343 973 2401 ἐις
992 2356 1035 2393 rou
1047 2343 1107 2393 ἅδιον
1123 2337 1227 2411 bostut}
1246 2341 1288 2392 xor*
1362 2330 1369 2337 ⁸

95 2416 267 2485 dducam-⁶,
294 2420 421 2488 “Illum,
442 2421 596 2495 siquidem,
619 2433 716 2499 utpote
738 2424 844 2482 Filium
871 2423 929 2481 Dei
953 2424 1121 2492 adoramus;
1144 2425 1302 2501 Martyres*

96 2509 154 2568 verb
167 2522 314 2587 tamquam
335 2515 454 2575 Domini
469 2516 625 2595 discipulos
639 2528 668 2576 et
681 2521 836 2576 imitatores
851 2519 936 2596 digne
951 2520 1106 2596 diligimus,
1123 2529 1238 2596 propter
1258 2519 1289 2576 il·

45 2607 47 2618 '
94 2606 181 2667 lorum
192 2627 261 2687 erga
273 2631 357 2670 suum
372 2632 469 2691 regem
483 2633 515 2672 ac
529 2618 696 2691 magistrum
710 2616 846 2673 eximiam
860 2614 1121 2673 benevolentiam.’'

128 2694 200 2763 218.
222 2706 255 2764 S.
271 2708 481 2779 Suuruouoss,
496 2729 559 2784 quae
574 2731 639 2769 cum
654 2725 767 2788 septem
781 2713 848 2769 filiis
860 2713 914 2768 sub
926 2711 1084 2777 Hadriano,
1097 2730 1172 2768 anno
1180 2711 1291 2768 circiter

97 2804 159 2868 120,
187 2813 232 2861 est
257 2823 351 2880 passa,
377 2806 544 2883 Imperatori
572 2808 663 2864 dixit:
696 2817 714 2842 ‘⁶
725 2809 751 2864 si
772 2825 824 2882 pro
852 2802 969 2864 nomine
992 2806 1121 2863 anrsm
1144 2804 1205 2862 Dur
1236 2823 1294 2885 um

93 2904 210 2963 iucensa
222 2902 315 2970 luero,
329 2902 395 2960 illos
409 2902 555 2962 daemones
574 2913 638 2961 tuos
654 2903 745 2979 magis
761 2901 912 2975 exuro.’'⁷·

128 3003 201 3059 219.
224 3000 256 3056 S.
273 2999 437 3058 Firmemus
450 3001 504 3058 sub
518 3001 644 3058 Antonio
658 3010 769 3076 septem
783 3000 869 3068 tilios,
885 3010 916 3057 ut
930 2999 959 3056 iu
971 3016 1066 3056 amore
1082 2997 1191 3055 Christi
1206 2996 1293 3055 fortes

95 3112 156 3152 sese
171 3094 351 3162 exhiberent,
366 3093 475 3151 hortata
488 3105 542 3162 est,
558 3096 607 3168 qui
629 3095 744 3155 monitis
766 3096 1005 3171 obtemperarunt.
1048 3094 1174 3153 Ultimus
1195 3111 1293 3152 eorum

96 3188 209 3258 Publio,
226 3189 316 3247 Urbis
339 3188 489 3257 Proelecto,
506 3188 594 3246 dixit:
626 3189 766 3248 “Omnes
790 3192 840 3263 qui
861 3209 919 3250 non
943 3190 1113 3249 confitentur
1134 3189 1295 3248 Cuursruu

96 3303 195 3345 mauu
209 3304 281 3344 assu
302 3286 407 3353 Deua,
422 3286 451 3343 in
466 3287 563 3363 ignem
578 3295 713 3346 aeternum
730 3288 923 3347 mittentur.”⁸

130 3388 202 3443 220.
223 3383 256 3440 S.
271 3383 449 3450 Esuuonrus,
474 3382 651 3451 adolescens,
673 3403 748 3443 anuo
763 3386 806 3444 M.
822 3386 932 3444 Aurelii
958 3390 1004 3453 17,
1025 3384 1160 3462 Lugduni
1181 3401 1294 3460 passus,

60 3510 63 3521 1
94 3480 180 3555 judici
190 3479 358 3557 respondit:
376 3489 395 3515 ‘⁶
405 3480 619 3553 Sempiternum
633 3485 700 3538 verb
711 3481 870 3538 Dominum
881 3493 1009 3539 nostrum
1020 3481 1039 3539 J
1041 3499 1122 3538 esum
1135 3479 1295 3547 Christum,

99 3594 178 3650 quem
193 3576 367 3636 crucifixum
380 3594 533 3644 memoras,
547 3576 738 3634 resurrexisse
759 3575 917 3641 assuesti,
932 3577 981 3646 qui
1003 3572 1141 3630 ineffabili
1156 3574 1294 3648 mysterio

100 3668 181 3751 homo
195 3675 303 3752 puriter
318 3685 347 3731 et
360 3673 441 3732 Deus
456 3674 569 3732 ramulis
590 3673 650 3731 suis
672 3672 813 3730 tramitem
835 3671 1053 3730 immortalitatis
1075 3669 1205 3737 instituit,
1220 3668 1297 3726 etad

103 3772 217 3830 celestia
230 3790 321 3848 regna
334 3769 497 3847 perducit.”
521 3812 529 3827 .
553 3811 561 3827 .
583 3811 591 3827 .
614 3810 622 3826 .
646 3768 827 3825 “Christum
842 3786 907 3826 cum
922 3769 1006 3826 Patre
1021 3786 1053 3825 ac
1068 3765 1177 3842 Spiritu
1192 3765 1297 3825 Sancto

467 3965 504 4024 (1)
523 3960 563 4010 Ad
575 3959 686 4022 Magnos.
698 3975 723 4008 n.
736 3961 759 4007 8.
771 3958 796 4008 4.

467 4049 505 4107 (2)
522 4045 587 4094 Vide
599 4044 693 4094 Maran.
705 4047 721 4095 l.
733 4046 764 4098 iv.
772 4061 793 4094 0.
801 4043 835 4093 iii.

469 4130 510 4194 (³)
531 4128 588 4178 Act.
600 4128 701 4193 Martyr.
713 4129 800 4180 sincsr.
811 4145 836 4194 p.
850 4129 889 4178 15.

469 4215 506 4276 (4)
524 4236 549 4266 εν
560 4213 626 4278 apud
634 4214 725 4264 Euseb.
737 4216 753 4264 l.
764 4215 797 4265 iv.
807 4215 864 4266 hist.
876 4213 973 4264 110010.
986 4214 1024 4260 15.

468 4303 505 4360 (5)
525 4299 580 4348 Ace
592 4298 694 4362 Manyr.
705 4317 729 4364 p.
740 4301 783 4349 42.

466 4386 504 4445 (d)
524 4383 579 4432 ilct.
592 4382 693 4446 Martyr.
703 4399 727 4449 p.
744 4385 787 4432 44.

387 4516 392 4524 ,
470 4472 506 4530 ’,7)
526 4466 585 4518 lbid.
596 4469 638 4516 24.

475 4558 506 4618 .⁸)
523 4552 582 4605 Ibid.
598 4571 623 4621 p.
632 4556 674 4603 26.
