2730 5018
394 108 454 175 ΒΕ
473 110 766 179 reconduntur
786 112 1056 178 uxelartous.
1267 120 1327 182 2³9

86 285 91 295 ’
160 274 193 343 ll,
203 274 247 332 21.
268 272 362 334 ariete
374 275 530 335 constabat.
570 273 643 333 Hoc'
657 274 722 332 loco
742 272 844 332 dicitur
859 273 894 332 de
915 274 1042 350 homine,
1055 273 1105 349 qui
1125 285 1228 355 sponte
1242 278 1327 338 morti

51 368 68 437 .’
153 390 202 433 mr
212 371 296 431 offert
307 370 345 431 ad
357 374 453 433 aliena
472 372 581 431 scelera
593 369 767 448 expianda.’'
800 380 820 407 “
830 369 875 428 Et
889 376 1124 449 peccatotorum
1143 379 1256 450 portat,
1269 374 1288 431 l.
1299 392 1326 432 e.

68 514 75 523 .
147 484 245 545 ponam
258 478 442 543 peccatorum
456 469 491 526 ab
505 466 562 525 iilis
575 466 795 525 commissomm
809 465 963 523 sustinet.”

24 550 29 559 ’
59 610 62 615 .
176 566 240 621 130.
270 564 379 639 Liquet
401 566 489 643 igitur
512 562 662 621 Christum
688 572 832 635 tamquam
857 562 1028 620 sacrificium
1044 562 1198 641 ¹piaculare
1222 582 1237 622 a
1263 576 1326 623 vate

26 660 34 681 ⁶
139 655 272 725 exhiberi,
286 661 338 732 qui
352 661 462 719 scilicet
474 678 527 717 sua
540 668 631 718 morte
644 658 793 737 hominum
808 657 935 715 omnium
951 656 1055 715 delevit
1069 658 1197 717 crimina.
1239 660 1329 734 Equi·

47 774 60 799 τ
135 752 197 811 dem
208 751 246 810 de
259 754 327 830 ipso
341 756 480 833 explicuit
493 754 624 813 eunucho
636 753 800 830 Philippus,
815 753 912 810 Sancti
923 753 1045 829 Spiritus
1060 764 1135 812 certe
1156 754 1261 823 afflato,
1283 756 1332 815 illa

10 847 29 879 ·’
134 846 206 907 ratis
221 850 328 909 rerba:
352 850 543 924 “Tamquam
556 850 620 908 oris
633 848 668 907 ad
683 849 856 907 occisionem
871 848 972 906 ductus
987 849 1063 917 est‚”
1074 860 1102 907 et
1122 859 1142 887 ‘⁴
1152 850 1293 928 incipiens
1313 872 1331 910 a

48 964 51 973 ·
133 942 272 1019 scriptura
284 947 349 1016 ista,
364 946 571 1025 evangelizavit
589 946 631 1003 illi
643 944 788 1004 Jesum.’'¹
808 944 963 1021 Apostolus
978 963 1093 1018 quoque
1107 946 1228 1005 Petrus:
1251 957 1270 984 ‘⁶
1281 949 1331 1021 qui

42 1088 48 1099 .
134 1046 250 1118 peccata
274 1051 374 1100 nostra
397 1042 461 1119 ipse
478 1040 602 1117 pertulit
622 1041 652 1097 in
677 1057 795 1116 corpore
817 1057 871 1096 suo
895 1057 982 1114 super
1004 1037 1134 1116 lignumr
1155 1050 1187 1098 ut
1207 1044 1331 1119 peccatis

36 1141 39 1145 ’
134 1135 248 1203 corni,
258 1136 379 1212 justitiae
391 1137 533 1195 vivimus:
556 1135 638 1211 cujus
652 1136 742 1193 livore
756 1136 845 1192 sanati
857 1132 973 1190 estis.''²

29 1274 67 1313 ,,,
173 1226 327 1291 Probatur
340 1230 385 1291 II.
408 1248 444 1291 cn
455 1229 605 1289 constanti
619 1226 754 1289 omnium
765 1226 942 1287 seculorum
954 1247 975 1287 c
992 1227 1108 1287 Christo
1123 1226 1292 1291 traditione.

179 1330 244 1385 131.
266 1328 401 1406 Epistola
414 1345 477 1403 quse
499 1326 636 1386 Bamabae
651 1327 770 1385 dicitur:
794 1336 813 1363 ¹⁶
827 1325 948 1402 Propter
962 1327 1017 1384 hoc
1031 1326 1174 1386 Dominus
1196 1330 1331 1388 sustinuit

143 1420 242 1481 undere
255 1442 362 1503 corpus
375 1443 459 1483 suum
474 1424 504 1481 io
518 1422 730 1489 exterminium,
745 1432 777 1480 ut
789 1419 959 1480 remissione
979 1433 1161 1499 peccatomm
1175 1422 1333 1485 sanctifice·

70 1570 74 1577 .
145 1538 209 1593 mer,
220 1518 301 1595 quod
313 1532 359 1581 est
370 1520 520 1600 sparsione
534 1518 681 1597 sanguinis
693 1519 781 1577 illins.
824 1520 968 1596 Scriptum
983 1520 1117 1591 estenim
1130 1520 1235 1597 deillo.
1259 1564 1266 1580 .
1290 1566 1297 1580 .
1323 1563 1331 1580 .

10 1660 19 1670 .
43 1620 48 1631 '
64 1630 68 1635 ·
150 1614 335 1677 ‘vulneratus
348 1629 394 1678 est
406 1626 524 1696 propter
537 1616 700 1689 iniquitates
712 1615 843 1677 nostras.’
855 1614 889 1650 ”³

55 1717 61 1729 '
181 1716 244 1773 132.
266 1714 299 1772 S.
316 1713 463 1773 Casurus
477 1712 512 1771 ad
527 1711 694 1771 Corinthios
709 1712 852 1769 scribens:
876 1720 896 1747 ‘⁸
906 1710 988 1769 Fixis
1003 1712 1094 1769 oculis
1105 1708 1291 1789 respiciamus
1304 1710 1334 1772 in

65 1852 75 1871 .
152 1810 307 1887 nogrrinem
328 1808 450 1869 Christi.
492 1808 709 1880 Cemamosque
725 1826 810 1880 quam
831 1807 973 1882 pretiosus
993 1808 1057 1866 Deo
1071 1808 1109 1865 sit
1122 1808 1192 1884 ejus·
1206 1810 1333 1886 sanguis,

153 1906 190 1981 qni
201 1916 319 1983 propter
329 1914 458 1965 numm
471 1904 591 1963 salutem
607 1903 727 1971 effusus,
742 1903 792 1961 toti
808 1902 924 1969 mundo,
940 1903 1112 1979 poenitentiae
1126 1905 1244 1981 gratiam
1256 1906 1335 1963 obtu-

152 2000 214 2063 liu’·
251 2002 286 2061 ln
300 2004 384 2081 signo
398 2002 464 2060 dato
478 2001 578 2060 Rahab
598 2001 717 2077 figuram
733 1999 936 2076 redemptionis
951 2002 1097 2076 agnoscit:
1122 2002 1335 2061 “manifestum

61 2106 65 2111 '
155 2100 284 2169 incientes,
309 2098 388 2173 quod
410 2117 461 2176 per
483 2098 651 2175 sanguinem
666 2097 785 2155 Domini
808 2100 900 2155 lutura
913 2108 990 2155 esset
1011 2098 1169 2175 redemptio
1193 2100 1335 2158 universis

72 2256 80 2265 ,
157 2196 317 2257 ardentibus
328 2206 358 2255 et
367 2196 546 2275 sperantibus
556 2196 586 2255 in
599 2194 743 2253 Deum.”⁵
781 2194 824 2247 διὰ
835 2196 880 2249 τοῦ
890 2196 995 2263 depones
1004 2196 1049 2249 eoi
1060 2193 1141 2264 κυρίου
1151 2197 1267 2266 λύτρωσις
1276 2200 1336 2263 trac

158 2406 227 2465 upra
237 2386 420 2449 adduximus.

186 2486 245 2543 133.
264 2484 298 2543 S.
312 2484 458 2542 louamns
472 2483 517 2541 M.
533 2482 568 2541 de
584 2481 752 2556 quibusdam
768 2480 812 2539 sui
827 2479 963 2555 temporis
978 2479 1118 2538 haereticis
1139 2480 1224 2539 dicit:
1256 2491 1276 2519 ‘⁸
1288 2484 1333 2541 Ab

10 2624 20 2637 .
55 2572 93 2636 'F
160 2578 320 2639 Eucharistia
332 2590 361 2639 et
373 2580 500 2639 oratione
515 2579 656 2637 abstinent
669 2597 677 2643 ;
699 2596 733 2635 eo
747 2575 824 2650 qood
838 2593 895 2633 non
917 2574 1103 2632 confiteantur
1121 2575 1333 2637 Eucharistiam

159 2694 254 2736 omnem
268 2696 334 2736 csse
348 2678 502 2737 servatoris
524 2677 613 2736 nostri
626 2678 697 2736 Jesu
713 2674 833 2742 Christi,
848 2693 911 2747 quae
926 2677 1114 2751 propeccatis
1134 2678 1239 2735 nostris
1253 2699 1339 2756 passa

64 2770 82 2798 ³
111 2804 115 2813 ·
159 2772 229 2831 tsl.’'⁷
261 2775 308 2843 seir
317 2771 593 2843 bnlpdpcpstdss‘pw
604 2773 736 2835 amnicos·

81 2916 92 2955 ᾗ
188 2872 248 2928 134.
270 2868 303 2926 Ι.
317 2868 513 2927 Ponrcsnrns
527 2868 563 2926 de
575 2868 647 2926 Jesu
661 2864 779 2925 Christo
791 2866 877 2926 dicit:
901 2875 920 2902 “
930 2867 1065 2924 sustinuit
1074 2886 1126 2944 pro
1136 2870 1260 2944 peccatis
1271 2890 1337 2930 nos·

11 3002 21 3011 ·
53 3004 81 3027 -.··
157 2962 348 3039 titusquesd
369 2972 489 3023 mortem
512 2961 692 3022 devenire.”⁸
732 2962 842 3020 Laudat
867 2962 952 3021 etiam
978 2962 1056 3021 Petri
1070 2963 1172 3021 verba:
1195 2968 1340 3043 “pertulit

154 3072 238 3125 sesua
250 3070 370 3139 peccata
383 3061 413 3120 in
427 3079 546 3139 corpore
558 3079 611 3119 suo
625 3079 712 3138 super
723 3058 881 3139 lignum.”⁰

60 3221 64 3229 ,
184 3162 250 3218 lau.
271 3158 305 3216 S.
318 3156 475 3225 Immune,
498 3175 536 3214 cx
555 3155 639 3214 Isaiae
654 3157 787 3215 vaticinio
809 3155 990 3234 praelaudato,
1016 3157 1115 3232 probat
1138 3158 1262 3220 Verbum
1285 3181 1337 3240 pro

151 3255 225 3315 uubis
237 3252 387 3313 hominem
400 3252 517 3319 factum,
531 3253 600 3329 pati,
615 3261 644 3310 et
657 3253 814 3331 ignominia
828 3251 914 3319 affici,
929 3252 1121 3310 sustinuisse:
1142 3257 1204 3323 ὑπερ
1221 3258 1288 3326 ἡμων
1298 3282 1339 3330 γε·

150 3372 237 3420 mne
252 3349 387 3420 haperne,
397 3356 486 3412 nobem
497 3370 540 3403 xor
550 3348 712 3419 ὀιιμασὲηναι
723 3351 873 3417 ὑπεμεινεέθ
894 3346 1164 3412 “Quemadmodum
1175 3360 1267 3409 autem
1277 3371 1339 3422 eos,

150 3446 237 3521 quiin
251 3444 385 3523 AEgypto
399 3453 488 3511 erant,
514 3446 630 3521 sanguis
645 3442 763 3502 Paschae
779 3442 911 3508 servavit,
926 3441 968 3499 sic
983 3451 1012 3497 et
1025 3459 1075 3498 eos
1098 3443 1147 3514 qui
1168 3444 1340 3506 crediderint

150 3541 274 3602 liberabit
288 3561 304 3599 a
317 3550 409 3600 morte
423 3540 540 3617 sanguis
555 3539 724 3599 Christi.”¹¹
750 3554 805 3601 τους
815 3552 973 3604 naevum
988 3542 1086 3607 poeseos
1096 3540 1125 3591 tx
1136 3544 1226 3600 mu
1237 3558 1268 3596 ro
1278 3544 1340 3614 alpe

147 3646 310 3785 wlff.
324 3722 468 3783 lunens
482 3723 605 3800 plurima
618 3724 770 3801 Scripturae
786 3720 948 3781 testimonia
961 3717 1075 3776 adducit
1088 3728 1120 3776 ut
1133 3718 1282 3784 Christum
1296 3729 1339 3805 ip·

278 3960 322 4021 (1)
334 3959 391 4010 Act.
402 3959 453 4010 viii.
464 3961 505 4009 33.
516 3961 558 4010 bb,
816 3961 854 4020 (7)
871 3954 912 4005 Ad
924 3954 1086 4019 Smyrnenses
1098 3959 1112 4016 ᾖ
1124 3956 1165 4009 rii.

278 4046 317 4105 (3)
333 4043 354 4093 1.
362 4044 416 4095 Pet.
426 4043 452 4094 ii.
464 4045 505 4092 25.
818 4044 856 4102 (8)
875 4038 915 4088 Ad
928 4038 1124 4104 Philippeum
1141 4044 1163 4089 1.
1174 4045 1198 4092 2.

279 4124 320 4188 (³)
337 4130 388 4187 §V-
820 4127 858 4184 (9)
876 4123 954 4182 §viii-

282 4213 321 4275 (4)
338 4212 387 4278 up
397 4213 413 4262 i.
426 4216 440 4273 ξ
453 4212 494 4262 rii.
820 4213 874 4271 (10)
891 4208 965 4274 Apol.
975 4209 992 4259 i.
1003 4227 1028 4260 n.
1040 4213 1082 4258 50.

283 4299 321 4360 (b)
338 4297 409 4358 §xii
822 4298 877 4357 (ll)
895 4294 960 4346 Dirl.
971 4311 1027 4345 cum
1038 4293 1171 4359 Tryphone
1181 4293 1252 4344 miii.

283 4384 323 4445 (θ)
340 4386 354 4443 b
366 4383 416 4434 xvi
