2730 5018
370 305 427 366 DE
448 267 606 366 ntv‘lrtts
627 296 1008 399 Pnnmrlouluus.
1266 298 1288 361 'l

77 478 142 520 nou
165 461 358 538 compositus,
372 472 400 520 et
421 461 676 538 similimeprbrius‚
704 461 844 527 ὅμαόκωλον
871 467 901 515 et
921 468 996 517 totus
1023 458 1087 533 ipse
1114 457 1288 533 sibimetipsi

77 558 204 626 similis,
218 571 249 616 et
261 560 378 631 aequalis
392 569 436 616 est
447 571 533 629 totus,
547 577 613 618 cunr
627 559 666 615 sit
679 573 782 617 sensus
796 567 825 613 et
839 567 912 614 totus
927 554 1089 632 spiritus.’'¹

128 653 181 707 lu.
200 650 272 716 Quae
282 651 523 727 inscripturisde
533 651 608 718 Deo,
618 646 848 714 hunimundo,
858 647 999 714 dicuntur,
1010 655 1289 724 perimentum,

81 745 238 804 nonnullis
259 747 441 822 praebuerunt
453 748 637 813 occasionem
651 747 678 803 ei
698 761 804 821 corpus
826 743 980 811 tribuendi:
996 744 1078 820 cujus
1093 743 1127 800 ad
1142 740 1291 817 exemplar

85 859 199 917 corpus
223 840 382 899 humanum
407 843 555 900 mauditum
580 842 747 916 cogitarunt.
763 839 869 897 saeculo
894 851 1004 911 quarto,
1020 834 1153 897 monachi
1173 835 1291 907 quidam

84 935 242 1012 AEgyptii‚
256 934 568 1014 Anthropomorphitae
582 935 687 994 idcirco
702 935 780 1003 dicti,
795 933 933 992 :ludioni
945 931 1011 991 verd
1026 953 1042 991 a
1065 933 1096 991 S.
1111 929 1290 1007 Epiphanio,

84 1031 125 1088 ab
139 1030 239 1089 Audio
252 1031 375 1103 quodam
389 1032 420 1089 in
429 1032 655 1108 Mesopotamia.
699 1032 842 1089 Caeterum
858 1048 894 1088 ex
910 1030 945 1088 iis
960 1048 1025 1101 quae
1040 1030 1141 1086 Moses
1152 1026 1241 1103 jussit
1255 1024 1292 1082 de

85 1127 219 1203 imagine
233 1128 311 1185 nulla
325 1127 462 1187 Numinis
476 1128 643 1206 sculpeuda,
659 1148 715 1186 non
731 1130 808 1186 enim
824 1127 978 1200 quidquam
995 1126 1121 1183 viderant
1135 1122 1249 1196 quando
1261 1122 1292 1181 iu

87 1222 178 1281 Sinai
191 1236 287 1282 monte
301 1225 348 1282 lex
362 1237 406 1282 est
420 1225 529 1292 tradita,
543 1225 634 1297 liquet
649 1225 704 1283 ilci
716 1236 843 1283 naturam
858 1242 915 1282 non
929 1240 994 1281 esse
1009 1223 1125 1280 cuilibet
1136 1221 1176 1279 rei
1191 1232 1292 1277 creatte

87 1319 230 1385 similem,
246 1320 437 1381 velsensibus
457 1321 639 1398 subjectam.¹
678 1321 762 1387 Quod
785 1321 871 1397 igitur
884 1320 920 1378 ad
941 1320 1003 1396 ejus
1027 1319 1180 1393 imaginem
1202 1316 1291 1374 homo

89 1415 130 1472 sit
144 1415 289 1482 conditus,
303 1414 339 1473 de
354 1417 448 1474 anima
461 1417 678 1493 intelligendum
691 1429 744 1483 est,
759 1435 823 1489 quas
839 1417 902 1474 Deo
916 1415 1089 1472 assimilatur
1102 1413 1291 1484 aliquatenus,

90 1510 216 1586 spiritali
227 1523 336 1577 natura,
349 1512 503 1577 intellectu,
515 1523 544 1568 et
555 1513 642 1570 libero
654 1513 777 1580 arbitrio,
789 1515 864 1569 sicut
874 1512 958 1568 etiarn
974 1511 1132 1586 principatu
1146 1509 1194 1565 illo
1204 1524 1292 1609 poem

91 1606 122 1664 iu
137 1607 295 1664 animantia
307 1619 436 1666 exercet:
460 1609 606 1666 “excellit
620 1622 712 1666 autern
729 1611 816 1666 homo
831 1609 928 1666 omnia
947 1606 1090 1672 animalia,
1104 1618 1242 1677 quantum
1257 1602 1293 1661 ad

92 1701 235 1759 rationem
257 1714 287 1759 st
314 1703 507 1770 intellectum:
533 1703 608 1760 unde
629 1703 787 1760 secundum
809 1703 984 1760 intellectum
1008 1711 1037 1758 et
1059 1701 1207 1763 rationem,
1230 1716 1293 1770 qun

93 1807 166 1855 sunt
184 1797 363 1872 incorporea,
377 1798 466 1857 homo
488 1810 530 1856 cst
544 1798 578 1855 ad
600 1800 755 1873 imaginem
777 1798 879 1856 Dei.'’⁸
919 1797 1004 1854 Oculi
1025 1810 1120 1853 antem
1135 1795 1295 1850 tribuuntur

94 1893 173 1959 Deo,
188 1905 218 1949 ut
232 1894 382 1951 scientiam
396 1896 560 1966 quaomnia
574 1906 713 1952 scrutatur
727 1905 903 1969 perspectam
920 1894 1095 1958 habeamus:
1111 1908 1193 1946 aures
1208 1889 1295 1946 etiarn

94 2007 194 2066 parem
210 1990 247 2045 ob
262 1991 410 2056 rationem,
425 2000 455 2046 et
467 2000 498 2047 ut
512 1991 641 2047 voluntas
656 1992 719 2065 ejus
734 1991 763 2047 in
785 1990 954 2047 famulorum
969 2006 1088 2045 suorum
1110 2003 1210 2061 preces
1231 2001 1295 2060 pro·

95 2084 181 2141 clivis
206 2083 385 2148 exhibeatur:
408 2103 509 2141 manus
534 2094 601 2141 sunt
622 2084 774 2140 creationis
794 2095 822 2140 et
842 2084 975 2159 adjutorii
994 2082 1084 2139 divini
1106 2078 1292 2154 symbolum:

98 2180 247 2238 brachium
263 2180 420 2255 potentiam
436 2181 499 2256 ejus
513 2180 636 2245 tlenotat,
652 2180 740 2254 pedes
762 2181 937 2254 majestatem
959 2180 1021 2254 ejus
1036 2190 1065 2233 et
1085 2193 1250 2251 supremum
1266 2175 1296 2232 in
1355 2229 1359 2235 .

102 2295 151 2334 res
164 2295 267 2333 ornnes
281 2275 452 2333 dominium.
476 2276 584 2333 Mirum
598 2287 642 2331 est
653 2274 855 2333 Rationalistas
867 2295 888 2332 a·
895 2276 1005 2350 placitis
1020 2270 1297 2347 Anthropomorphi·

99 2383 191 2429 tarum
207 2390 264 2429 uon
278 2370 439 2428 abhorrere.
483 2371 701 2427 Rosemulieller
722 2371 785 2444 ipse
800 2389 856 2426 non
873 2383 985 2427 veretur
997 2382 1142 2442 quarere:
1172 2376 1192 2402 ‘⁴
1202 2367 1296 2431 Quam

100 2478 195 2525 autem
207 2467 333 2524 numinis
346 2467 465 2524 sormam
477 2486 508 2523 ac
520 2467 646 2542 speciem
656 2467 796 2541 effingunt
807 2467 949 2532 homines,
960 2478 1146 2541 praeterquam
1160 2480 1240 2519 suam
1249 2460 1299 2518 l’‘⁴

102 2563 218 2638 Optime
240 2562 438 2638 Augustinus:
463 2562 638 2637 “Cogitatio
659 2564 766 2637 quippe
781 2563 900 2636 turpiter
915 2579 988 2617 vana
1008 2572 1062 2625 est,
1077 2578 1143 2631 qua:
1165 2557 1299 2632 opinatur

104 2659 196 2717 Deum
213 2657 403 2715 membrorum
418 2656 608 2731 corporalium
624 2657 801 2714 lineamentis
815 2656 1011 2713 circumscribi
1026 2665 1110 2726 etque
1125 2651 1248 2711 finiri.'’⁵

145 2758 191 2813 16.
207 2751 374 2811 Invisibilis
385 2752 464 2809 Deus
475 2753 504 2809 in
514 2753 670 2827 Scripturis
682 2751 859 2828 predicatur,
868 2761 965 2827 utpote
975 2747 1206 2824 simplicissimus
1216 2747 1299 2822 spiri·

106 2863 167 2909 tus:
184 2850 289 2925 “Regi
310 2848 480 2906 saeculorum
495 2849 648 2906 immortali
662 2858 692 2905 et
705 2848 852 2914 invisibili,
867 2847 920 2904 soli
938 2847 1001 2903 Deo
1017 2845 1110 2902 honor
1123 2854 1152 2901 ct
1164 2841 1300 2920 gloria.''⁸

107 2949 143 3008 Et
156 2948 240 3005 alibi:
258 2956 373 3017 “quem
387 2945 481 3003 nullus
496 2945 645 3002 hominum
662 2944 739 3007 vidit.
749 2943 799 3000 sed
812 2961 865 3000 nec
877 2942 972 2999 ridere
984 2941 1143 3025 potest.”⁷*
1164 2940 1299 2998 Christus

108 3046 189 3103 etiam
210 3044 267 3101 ait:
292 3052 379 3112 “pon
402 3043 470 3114 quia
488 3052 598 3118 patrem
615 3040 683 3097 vidit
703 3025 865 3113 quisquam.
880 3039 937 3096 nisi
952 3039 976 3096 ie
997 3038 1047 3111 qui
1068 3046 1141 3094 esta
1162 3036 1237 3102 Deo,
1252 3037 1300 3095 hic

108 3140 175 3198 vidit
188 3137 343 3215 patrem.’'⁸
382 3137 453 3204 Qua
470 3138 555 3216 igitur
568 3137 603 3195 de
618 3137 682 3194 Deo
697 3137 758 3197 vieo
772 3137 801 3192 in
815 3135 967 3209 Scripturis
984 3135 1126 3190 veteribus
1140 3143 1298 3200 narrantur,

108 3237 140 3295 de
152 3235 267 3312 Angelo
278 3235 355 3291 vices
371 3233 434 3309 ejus
449 3245 563 3309 gerente
578 3232 761 3308 intelligenda
776 3231 915 3288 videntur.
956 3229 1000 3287 Re
1012 3227 1129 3301 quidem
1144 3244 1209 3305 vera
1223 3227 1301 3286 Osee

107 3330 247 3407 Angelum
259 3328 413 3404 designat‚⁰
423 3347 508 3401 quem
525 3328 619 3385 Deum
631 3328 743 3384 vocavit
757 3327 917 3400 Moyses,1⁰
931 3324 1022 3389 illum,
1037 3323 1156 3390 scilicet,
1171 3323 1221 3396 qni
1235 3341 1301 3380 cum

106 3426 195 3485 Jacob
214 3425 336 3485 luctatus
351 3434 405 3492 est:
420 3435 448 3481 et
462 3425 626 3500 Stephanus
641 3423 809 3500 Angelum¹1
824 3433 906 3479 vocat
920 3421 999 3478 illum
1014 3420 1108 3495 ipsum
1125 3419 1174 3491 qui
1188 3437 1221 3475 as
1235 3418 1301 3475 Eas

137 3584 177 3644 (1)
195 3581 210 3630 l:
219 3578 251 3630 11.
259 3562 376 3629 adnhsrr.
387 3595 409 3628 o.
418 3578 467 3629 xri.
500 3578 600 3628 Tullius
610 3579 662 3643 ipse
674 3578 749 3628 dixit:
769 3578 846 3627 “Nec
858 3583 913 3625 vero
923 3575 992 3625 Dens
1001 3575 1053 3639 ipse
1063 3574 1109 3623 alio
1118 3572 1191 3623 ruodo
1200 3570 1303 3632 intelligi

84 3699 87 3703 .
106 3671 191 3729 potest,
203 3663 252 3712 nisi
263 3679 334 3712 mena
345 3663 424 3712 soluta
435 3662 544 3726 quisdam
555 3670 580 3712 et
588 3663 668 3721 libera,
680 3670 805 3724 segregata
816 3662 846 3710 ab
857 3660 926 3711 omni
942 3659 1095 3712 concretione
1107 3656 1208 3718 mortali,
1220 3654 1303 3709 omnia

106 3747 214 3796 sentiens
225 3755 249 3795 et
260 3747 477 3811 mevennipsaque
488 3746 585 3810 predita
596 3755 662 3796 motu
676 3744 847 3810 sempiterno.”
881 3741 1186 3808 remuttendi

138 3836 178 3898 (2)
187 3831 272 3899 'Deut-
283 3831 314 3880 ir.
328 3833 368 3880 15.
385 3830 451 3880 laaie
463 3832 497 3880 xi.
511 3833 550 3881 ls.
568 3831 639 3881 Rom.
652 3833 668 3880 i.
680 3835 721 3880 23.

43 3961 46 3965 .
138 3919 177 3977 (3)
195 3915 228 3966 D.
240 3916 332 3965 Thom.
343 3915 412 3964 Sum
427 3919 449 3964 l.
460 3931 484 3980 p.
496 3932 537 3979 qu.
549 3916 582 3965 iii.
594 3926 636 3966 art.
650 3916 670 3966 l.
690 3917 728 3966 Ad
740 3916 884 3967 secundum.

140 4002 179 4060 (4)
197 4000 297 4049 Scholia
308 4000 334 4048 in
347 3999 410 4048 Gen.
421 3999 437 4048 i.
449 4003 491 4049 26.
503 4001 585 4052 laudet
595 4001 669 4051 etiam
680 4001 778 4065 Heyne,
787 4000 928 4060 Gablernm,
940 4006 964 4049 et
976 3997 1069 4048 Schott.

141 4087 179 4145 (5)
197 4085 214 4133 l.
226 4084 268 4134 xii.
280 4083 311 4132 de
321 4083 391 4132 Trin.
404 4099 425 4133 c.
438 4087 462 4133 7.

143 4167 187 4233 (b)
211 4171 223 4215 l
236 4167 302 4217 Tim.
314 4167 331 4216 i.
345 4170 384 4217 17.

144 4252 188 4319 (7)
207 4251 286 4301 ibri.
301 4252 340 4299 16.

144 4336 188 4401 (Β)
206 4335 278 4385 ioan.
288 4333 319 4384 vi.
330 4335 372 4383 lb.

144 4417 187 4485 (9)
207 4417 271 4467 Osee
281 4412 325 4466 xii.
336 4419 360 4465 8.

144 4504 206 4572 (10)
224 4502 289 4551 Gen.
300 4501 379 4551 mii.
391 4503 432 4552 ³0.

90 4594 93 4600 '
145 4589 207 4658 (11)
226 4589 281 4638 Ast.
292 4586 334 4637 vti.
345 4589 387 4637 31).
