2744 5024
117 224 159 345 td
424 342 428 349 ,
447 278 504 343 DE
526 278 698 344 ΗΟΜῙΝΕ
723 272 991 348 iunocentii.

18 472 22 481 ·
117 440 387 520 transgrederentur,
402 443 518 510 seirent,
533 461 565 501 se
580 443 737 502 naturalem
751 444 851 503 mortis
865 443 1077 523 eorreptionem
1092 463 1159 505 esse
1174 450 1319 524 passuros,

117 539 273 598 morientes
289 537 317 595 in
332 549 464 605 mortem.
479 537 716 615 putredinemque
731 537 934 598 solvendos.”¹
974 539 1193 599 indusimus:
1209 544 1232 578 ⁸⁶
1244 536 1320 600 Con·

116 644 173 693 stat
192 635 266 692 inter
288 631 482 703 Christianae,
496 635 634 693 vernoiter
651 632 834 692 catholicam
854 645 984 694 tenentes
1006 634 1105 704 iidem,
1119 633 1209 694 etiam
1230 636 1333 715 ipsam·

117 731 200 791 nobis
215 731 344 809 eorporis
358 742 490 799 mortem,
501 749 559 790 non
569 731 634 809 lege
648 741 765 800 nature,
782 750 839 806 qua
852 732 959 792 nullam
975 742 1096 792 mortem
1112 732 1227 793 bomini
1242 730 1318 794 Deus

116 828 203 897 secit;
226 827 278 886 sed
304 829 405 886 merito
429 827 567 886 inflictam
591 845 656 887 esse
680 827 808 905 peceati3
835 829 970 900 quoniam
996 839 1146 906 peecatum
1170 826 1317 891 vindicans

46 928 64 989 ⁸⁴.
117 926 210 994 Deus.
224 924 298 984 dixit
311 924 433 993 bomini,
448 924 476 984 in
491 942 549 999 qno
569 934 637 984 tune
657 941 758 983 omnes
772 942 904 984 eramus:
928 925 1043 984 ‘Terra
1056 944 1099 995 ea,
1114 936 1145 985 et
1165 926 1195 984 iu
1216 928 1316 987 terren

24 1000 44 1025 '⁸
118 1020 241 1081 ibid-”n
1339 1008 1364 1053 ιο

158 1123 208 1178 98.
229 1119 432 1179 Immortalites
453 1127 548 1176 tamen
563 1117 675 1193 corpori
696 1115 823 1176 hnmano
843 1135 901 1176 non
915 1117 944 1175 si
958 1135 1018 1176 aue
1039 1126 1158 1186 nature,
1173 1116 1226 1177 sed
1246 1117 1316 1179 dono
1335 1082 1364 1273 4

117 1216 174 1274 Dei
188 1216 386 1282 conveniebat,
401 1232 435 1272 ea
448 1214 613 1273 conditione
623 1225 656 1272 ut
668 1226 843 1292 praeceptum
856 1215 910 1272 sibi
925 1212 1022 1273 datum
1036 1226 1184 1295 servaret:
1208 1214 1317 1277 “ntiut
1333 1208 1336 1213 ¹
1362 1282 1364 1287 ,

117 1312 192 1380 est,”
212 1312 305 1386 inquit
326 1312 481 1389 proeolarua
503 1330 590 1385 quem
611 1330 682 1371 mox
701 1313 880 1371 laudavimus
895 1310 1004 1381 doctor,
1033 1321 1121 1373 “non
1139 1330 1230 1389 poene
1249 1314 1317 1389 mori

117 1410 193 1468 sieut
205 1407 344 1482 quasdam
360 1418 473 1466 naturas
489 1408 664 1466 immortales
678 1410 785 1467 creavit
798 1408 898 1466 Deus:
914 1407 991 1466 aliud
1003 1416 1049 1465 est
1062 1425 1150 1485 posse
1165 1392 1229 1467 non'
1239 1394 1321 1477 mori,

117 1502 277 1563 secundum
291 1522 377 1577 quem
392 1502 509 1561 modurn
525 1503 634 1580 primns
647 1514 756 1562 oreatus
771 1515 813 1563 eat
828 1503 916 1562 homo
931 1502 1109 1571 immortalia,
1121 1502 1200 1577 quod
1214 1504 1243 1589 ei
1254 1522 1323 1581 pre·

118 1604 244 1660 stabatur
256 1601 336 1679 ligno
351 1601 425 1668 vite,
441 1618 498 1658 non
513 1599 548 1658 de
564 1601 740 1659 institutione
761 1613 878 1660 naturae.
921 1600 1053 1659 Mortalis
1067 1618 1136 1678 ergo
1150 1610 1213 1661 erat
1226 1600 1332 1661 eondi-

117 1698 195 1757 tiona
209 1697 338 1775 corporis
352 1695 501 1754 animalia:
525 1696 694 1754 immortalia
709 1706 803 1754 autem
816 1696 959 1755 beneficio
973 1695 1177 1755 conditoris.”⁸

158 1797 208 1852 94.
230 1792 415 1852 Immonitate
433 1790 469 1849 ab
493 1792 629 1850 arumnis
651 1792 879 1866 quibuscumque
900 1790 1041 1871 gaudebat
1060 1791 1148 1851 homo
1169 1788 1357 1863 innocens.

113 1892 198 1968 juxta
212 1900 390 1949 oonatantern
405 1889 544 1946 Veterum
558 1906 697 1946 sensum:
726 1897 745 1926 ‘⁶
758 1889 853 1956 Quam
874 1889 959 1966 igitur
980 1887 1078 1946 seliees
1092 1885 1207 1959 erant.”
1229 1891 1364 1950 exele*

118 1998 177 2046 mat
200 1987 390 2062 Augustinus,
412 1983 528 2058 “primi
554 1983 697 2050 homines,
720 1995 748 2040 et
768 1985 856 2042 nullis
879 1984 1055 2061 agitabantur
1078 1982 1364 2061 pertubationibn-

83 2126 100 2147 .,
119 2082 290 2147 animorum,
305 2079 390 2137 nullis
405 2094 555 2153 corporum
568 2077 743 2136 ledebantur
756 2078 994 2139 incommodam
1013 2079 1045 2139 ld
1060 2081 1195 2158 congruit
1208 2082 1364 2161 integre

119 2176 246 2234 bominis
260 2192 411 2247 rerumque
426 2175 554 2233 omnium
570 2173 738 2236 conditioni.
773 2177 924 2236 Consonat
934 2177 1062 2235 universi
1075 2179 1191 2255 generis
1207 2174 1364 2238 humani*

118 2269 232 2330 traditio
246 2269 282 2328 de
296 2288 383 2328 aurea
396 2268 496 2328 mundi
510 2278 601 2338 etate,
617 2290 703 2344 quem
718 2285 796 2332 vates
812 2272 883 2332 adeo
898 2273 1084 2332 celebrarunt.

393 2805 431 2867 C.
454 2796 508 2866 Ill.
552 2807 608 2866 DE
632 2808 828 2868 ΡΕΟΟΑΤΟ
851 2809 1049 2869 ORIGINIS,

160 2985 210 3042 95.
233 2981 304 3051 Qun
320 2982 396 3040 dona
410 2982 523 3058 aceepit
537 2983 626 3041 homo
641 2983 697 3041 Dei
719 2985 924 3055 munificentia,
940 2987 1079 3045 servanda
1092 2998 1175 3046 erent
1195 2989 1261 3048 Deo
1275 2989 1364 3047 ob*

120 3080 323 3157 temperando:
346 3090 493 3152 quumque
507 3079 646 3138 innocens
660 3080 770 3139 nullum
784 3084 878 3140 earnis
899 3095 1006 3144 motum
1027 3085 1163 3144 rebellem
1177 3087 1322 3164 experire·
1351 3106 1364 3119 ·

119 3188 174 3244 tur,
190 3175 267 3233 nulla
282 3175 412 3250 flagraret
426 3172 590 3250 cupiditate,
608 3188 782 3252 praeoeptum
798 3178 954 3237 conditioni
969 3199 1029 3238 suae
1044 3199 1203 3258 congruum
1220 3181 1322 3240 divini·

121 3284 166 3331 tus
181 3282 226 3330 est
246 3271 353 3340 datum,
369 3291 385 3328 a
400 3270 550 3348 eujusdam
573 3274 681 3331 arboris
696 3275 787 3332 fructu
809 3295 873 3335 sese
888 3278 1074 3354 ⁸abstinendi3
1097 3290 1199 3348 morte,
1214 3277 1323 3338 siillnd

120 3368 370 3446 transgrederetur,
385 3369 530 3427 intentata.
573 3369 631 3428 Rea
654 3384 713 3429 erat
734 3388 846 3430 servatu
871 3373 961 3432 senilis
972 3378 995 3432 :⁵
1016 3385 1139 3434 attamen
1166 3384 1186 3413 ‘⁴
1199 3379 1320 3454 serpens

156 3565 192 3623 (l)
211 3560 240 3614 L.
252 3561 283 3610 de
294 3561 387 3611 incarn.

153 3650 190 3707 (2)
208 3645 238 3694 L.
250 3645 301 3694 xiii.
313 3645 343 3693 de
354 3644 400 3693 civ.
412 3644 466 3694 Dei·
477 3661 499 3694 o.
513 3647 553 3693 1⁵.

155 3733 191 3790 (3)
210 3730 240 3778 L.
252 3729 283 3778 vi.
291 3730 321 3778 de
333 3730 396 3779 Gen.
408 3730 484 3779 adlit
496 3747 517 3778 e.
530 3733 571 3777 25.

155 3818 192 3879 (4)
210 3815 240 3866 L.
252 3816 295 3867 xii.
306 3817 337 3866 de
348 3816 394 3866 civ.
406 3816 461 3866 Dei.
470 3834 494 3866 o.
505 3820 543 3868 tu.

155 3906 191 3966 lb)
210 3902 375 3953 Pulcherrima
386 3903 580 3968 chrysostomus
592 3901 686 3965 inquit:
704 3901 942 3961 “Quemadmodum
954 3901 1086 3952 munificus
1103 3902 1192 3968 aliquis
1209 3904 1326 3957 dominns

119 3988 182 4037 ades
193 3989 286 4053 amplae
298 3995 323 4036 et
334 3988 476 4050 magnificae
487 3988 585 4050 eupiam
597 3985 713 4034 fruendas
725 3987 870 4048 concedens,
881 4003 932 4037 non
940 3988 1036 4052 iustum
1047 3988 1145 4037 illorum
1156 3989 1272 4052 pretium,
1283 3990 1326 4040 sed

120 4073 235 4136 exiguam
251 4074 304 4138 ejus
315 4072 458 4136 particulam
465 4073 516 4120 vult
528 4070 673 4134 accipere‚ut
684 4077 708 4119 et
720 4070 765 4119 ribi
777 4071 880 4122 dominii
894 4075 937 4139 jus
949 4073 1072 4135 integrum
1083 4080 1163 4122 servet
1173 4081 1198 4123 et
1209 4076 1325 4127 ttsnnriur

121 4157 167 4207 iste
178 4159 242 4207 aertd
255 4157 323 4216 sciat,
335 4172 387 4204 non
405 4172 432 4204 se
443 4153 503 4205 edis
513 4170 566 4204 esee
578 4153 713 4214 dominum,
728 4155 770 4204 sed
782 4156 848 4206 illius
859 4157 977 4208 beneficio
995 4173 1024 4208 ae
1042 4157 1184 4208 liberalitate
1203 4162 1325 4211 utendum

120 4259 173 4292 sese
185 4243 314 4309 nooepiese.
337 4241 380 4291 Sic
392 4240 516 4291 Dominus
527 4248 615 4300 noster,
627 4257 683 4290 oum
691 4241 809 4305 quidquid
818 4234 980 4308 adspeo'tabile
990 4251 1035 4305 est,
1047 4243 1142 4294 bomini
1154 4247 1325 4307 oommisirset,

120 4327 192 4389 eique
202 4335 255 4377 tum
266 4328 292 4376 in
304 4327 415 4398 paradino
426 4325 583 4385 domicilium,
594 4333 648 4375 tum
659 4329 713 4393 ejus
724 4327 822 4377 delicias
833 4329 864 4378 ed
875 4329 981 4379 fructum
992 4327 1070 4380 enimi
1080 4330 1211 4391 tribuisset,
1222 4347 1256 4382 ne
1266 4349 1326 4398 psu-

121 4411 190 4460 latim
201 4412 321 4462 animuin
333 4419 497 4461 benevereum
510 4410 625 4476 abreptus
637 4411 684 4461 iste
702 4413 762 4477 ipsa,
773 4429 826 4476 que
844 4413 921 4464 oeulis
939 4423 1080 4477 cernuntur,
1090 4432 1134 4482 per
1150 4432 1177 4466 se
1188 4425 1217 4467 tte
1234 4426 1324 4467 temera

121 4511 175 4546 esso
185 4495 299 4557 erederet,
310 4504 335 4546 et
346 4513 419 4562 snpra
430 4496 554 4559 dignitatis
565 4513 617 4547 suae
629 4498 756 4548 modulum
767 4500 797 4548 de
815 4499 868 4565 ipso
879 4500 985 4563 sentiret,
996 4502 1071 4553 unius
1089 4502 1124 4553 illi
1141 4511 1215 4553 nsum
1232 4503 1324 4553 arboris

121 4579 269 4631 interdixit.”
282 4581 721 4633 bom.1vi.inGen.oitaPerrone.
811 4648 814 4655 Ι
1307 4588 1313 4594 ’
