2744 5024
276 235 281 241 ’
322 283 380 356 nu
400 283 698 349 rnsueunrsrr
718 287 980 351 urvrnrrsrn.
1195 291 1253 351 roa
1337 368 1342 375 ,

33 456 37 531 ῑΙ
84 442 272 525 AngeliDei.'’¹
310 444 541 516 mammea
550 450 619 514 abab
636 440 837 517 advenisset
847 448 915 509 orob·
950 445 996 505 De
1016 449 1151 524 suprema
1175 444 1279 515 autu,

33 546 36 619 ξ
83 545 172 602 terbum
185 542 354 618 plerumque
369 550 529 615 usurpatur,
546 558 633 612 quem
647 541 774 617 Angelos
788 542 869 617 ipsos
883 543 1059 618 praetituros
1076 542 1254 601 annuntiavit

33 624 37 701 ἶ
83 646 175 737 w,
199 603 422 743 Πνηθςφέ
445 621 678 742 ΊῆἻῚῃβρῃ1
708 633 888 694 Deianora
901 636 947 712 agi
957 655 996 694 ex
1004 637 1120 697 Psalmo
1131 645 1252 704 canstat,

33 752 35 763 '
84 768 146 827 quem
158 754 255 830 ipsum
269 772 334 812 esse
348 752 451 811 Jesum
464 753 633 829 Apostolus,
648 752 704 810 hoc
717 762 801 811 utens
816 753 988 821 neumenia,
1003 753 1203 814 demonstrat·

105 852 144 908 18.
163 848 229 907 Una
249 866 317 907 cum
342 849 436 914 Patre,
460 846 561 906 eodem
583 864 698 923 prorem
720 847 797 904 cultu
818 865 885 906 eum
910 849 1046 924 prosequi
1069 851 1198 928 Angelos
1222 859 1251 909 et

80 956 155 1001 mnes
167 955 310 1001 creaturas
324 952 441 1010 testetur
454 943 486 999 S.
502 941 629 1000 loannes
643 942 674 1000 in
687 942 884 1018 Apocalypsi:
918 943 988 1014 “Et
1008 962 1125 1004 omnem
1148 956 1255 1005 cream-

79 1056 129 1108 nn,
139 1058 199 1115 quae
214 1041 245 1099 in
258 1041 331 1099 coelo
344 1051 398 1107 est,
412 1050 440 1097 et
453 1057 540 1116 super
554 1051 667 1107 terram,
681 1049 710 1096 et
723 1040 776 1098 sub
791 1051 873 1107 terra,
889 1049 918 1097 et
931 1059 995 1115 quaa
1009 1052 1075 1099 sunt
1087 1043 1115 1100 in
1131 1045 1212 1111 mari,
1227 1053 1256 1102 et

82 1153 126 1208 que
137 1138 164 1194 in
178 1154 232 1195 ec:
254 1153 356 1195 omnes
366 1135 462 1194 audivi
471 1135 618 1193 dicentes:
641 1134 760 1192 Sedenti
771 1135 799 1193 in
813 1135 925 1206 throno,
938 1146 966 1193 et
977 1137 1072 1213 Agna,
1081 1139 1270 1208 benedictio,·

80 1231 196 1299 nhuuor,
211 1240 240 1288 et
266 1229 366 1307 gloria,
381 1242 410 1288 et
433 1239 559 1306 potestas
580 1230 610 1286 in
630 1229 736 1287 saecula
756 1229 973 1291 seculorum.’'⁴
1012 1231 1092 1309 Ergo
1114 1231 1191 1293 idem
1212 1242 1256 1291 est

33 1394 35 1409 Ι
81 1324 147 1393 bans,
160 1327 246 1385 Pater
257 1337 286 1384 et
299 1327 402 1394 Filius,
417 1326 519 1384 eodem
534 1326 611 1384 cultu
623 1326 741 1384 omnino
756 1325 871 1402 dignus.

33 1412 39 1491 ἰ
104 1421 245 1482 Probatur
266 1422 351 1496 VIII.
365 1421 521 1482 miraculis
535 1421 617 1492 Jeau
632 1421 756 1490 Obristr',
771 1440 836 1499 qua
851 1430 879 1480 et
891 1422 1094 1492 multitudine,
1109 1433 1137 1484 et
1158 1425 1252 1505 splen-

33 1494 38 1581 ‚i
79 1514 137 1585 dore,
149 1516 175 1576 el
188 1514 305 1602 ratione
318 1516 553 1594 simplicissima,
568 1535 629 1594 qua
641 1503 767 1595 patrata
780 1525 861 1586 eunt,
877 1535 978 1577 rernm
992 1519 1170 1590 Dominran,
1185 1539 1256 1600 pro-

33 1594 37 1677 ἶ
77 1614 127 1689 pria
140 1621 283 1697 pptestate
297 1615 462 1673 atarbitrto
477 1621 626 1692 agentem,
640 1613 733 1692 plane
747 1614 898 1673 denotant.
928 1631 935 1637 ·
1114 1602 1118 1609 ’

105 1715 145 1770 tt.
164 1712 210 1768 Ea
223 1712 303 1770 Patri
316 1710 434 1785 quidem
448 1710 609 1787 adscripsit,
625 1710 676 1769 sed
697 1723 726 1768 et
739 1729 790 1767 sua
804 1729 868 1768 esse
883 1729 960 1787 saepe
983 1711 1152 1781 affirmarim
1167 1714 1206 1771 ita
1224 1726 1257 1772 nt

81 1817 163 1868 naturae
175 1809 280 1866 dirinae
294 1809 388 1868 auritas
400 1817 431 1865 et
451 1824 636 1884 personarum
658 1806 756 1864 relatio
770 1806 971 1864 insinuaretur.
1014 1808 1053 1865 lis
1068 1826 1138 1866 usus
1153 1817 1198 1865 est
1219 1809 1253 1866 ad

33 1934 35 1941 ·
80 1901 209 1962 datnnam
223 1922 310 1981 quem
324 1903 450 1962 madebat
463 1901 644 1970 firmandam,
666 1901 735 1958 dum
748 1900 862 1958 doceret
873 1919 988 1959 summa
997 1921 1063 1960 cum
1078 1903 1253 1970 auctoritate,

82 1998 184 2056 attidem
198 1999 228 2056 in
242 2016 321 2066 eum,
336 1999 411 2056 sicut
424 1998 495 2055 etin
511 1989 636 2064 Patrem,
651 1996 796 2073 exigerem
812 1995 871 2053 imo
883 2013 914 2052 se
929 1994 1035 2053 Filium
1049 1996 1107 2054 Dei
1122 1996 1176 2054 alte
1188 2014 1257 2072 prea-

81 2090 167 2163 diceret,
181 2106 210 2153 et
224 2095 338 2153 Patrem
353 2105 381 2152 et
394 2112 426 2151 se
440 2112 530 2151 unum
545 2110 610 2150 esse
624 2091 740 2149 diceret.
778 2092 919 2149 Praeterea
931 2092 1079 2168 Apostolis
1094 2093 1257 2151 communi·

81 2191 138 2249 tabat
150 2193 286 2251 miracula
299 2191 421 2249 faciendi
441 2199 622 2267 potestatem,
637 2208 691 2247 sno
705 2188 792 2246 veluti
809 2189 900 2264 jure.⁵

107 2290 144 2346 bb.
163 2288 318 2347 Probatur
337 2286 393 2345 IX
410 2284 508 2346 titulis
528 2303 602 2362 qnos
618 2284 756 2343 Christus
777 2283 836 2342 sr’br'
856 2283 1033 2354 vindicavit,
1048 2287 1098 2359 qui
1118 2297 1253 2346 creatura

83 2383 300 2453 pmstantissimae
325 2381 401 2440 haud
415 2380 504 2457 aptari
525 2391 666 2455 possunt:
690 2388 709 2416 ‘⁴
722 2380 788 2457 Ego
799 2398 863 2438 sum
878 2381 934 2447 vin,
946 2391 974 2438 et
988 2381 1100 2449 veritas,
1113 2391 1141 2439 et
1154 2382 1259 2441 vita.”⁰

83 2476 155 2554 “Ego
169 2498 232 2537 sum
248 2479 299 2537 lux
313 2477 461 2537 mundi.'’⁷
488 2485 508 2513 ‘⁶
519 2477 585 2552 Ego
599 2495 664 2535 sunu
677 2477 846 2533 resurrectio
861 2486 889 2533 et
902 2476 1006 2534 vita.'’³
1034 2476 1119 2544 Quod
1134 2482 1257 2555 Aposto-

80 2570 110 2630 lus
120 2575 204 2634 iucem
221 2575 320 2634 mundi
333 2574 524 2652 designaverit
537 2574 612 2650 ipse,
627 2592 666 2630 err
679 2572 819 2648 adjunctis
833 2591 951 2630 sensum
966 2574 1132 2632 translatum
1153 2575 1256 2634 habere

81 2665 139 2728 isaie
152 2670 372 2746 intelligebatur.
557 2660 560 2664 Δ
777 2686 780 2695 ·

109 2767 147 2824 tr.
161 2765 313 2830 Probatur
323 2764 361 2822 X.
374 2763 486 2844 enjurc
494 2780 552 2840 quo
564 2780 594 2820 ee
603 2763 698 2822 uitam
707 2768 846 2820 eternam
857 2758 1041 2837 largiturum
1052 2761 1146 2819 dicit.-
1162 2772 1181 2799 “
1191 2764 1258 2840 Ego

83 2860 146 2921 unm
167 2865 304 2923 ¹aeternam
326 2862 363 2920 do
384 2863 426 2920 eis
440 2861 486 2918 :”⁰
509 2858 716 2918 “resuscitabo
735 2875 802 2915 enm
824 2857 1031 2915 innovissimo
1054 2855 1162 2915 die.”²⁰
1189 2859 1257 2937 lpse

84 2955 155 3037 igitur,
169 2960 287 3036 proprio
301 2957 388 3016 veluti
399 2959 474 3034 jure,
490 2957 589 3015 mortis
603 2955 764 3020 dominum,
780 2953 902 3025 vitoeque
922 2961 1036 3012 aeoernae
1049 2952 1211 3029 largitorem
1226 2974 1258 3013 se

83 3053 182 3114 exhibet.
205 3057 255 3114 Sic
269 3053 402 3131 Apostoli
413 3072 479 3111 eum
488 3052 587 3110 salutis
600 3050 703 3108 ducem
715 3060 744 3107 et
755 3058 897 3106 auctorem
911 3047 1083 3124 pradicant:
1101 3059 1120 3085 ‘⁸
1132 3049 1200 3108 Non
1215 3061 1259 3108 est

81 3146 155 3208 iuniio
168 3151 264 3224 aliquo
279 3138 365 3207 silus.
407 3149 473 3207 Nec
485 3147 563 3206 enim
577 3145 653 3205 aliud
676 3163 782 3203 nomen
796 3155 840 3202 est
855 3145 907 3202 sub
922 3144 992 3202 caelo
1013 3143 1109 3203 datum
1132 3145 1257 3209 homini-

81 3239 163 3309 bus,in
177 3265 235 3319 quo
249 3254 379 3321 operteat
392 3262 445 3302 nos
460 3240 685 3301 salvosfieri.”²¹
1119 3235 1120 3239 ’
1179 3250 1181 3254 ’

109 3343 147 3399 82.
167 3343 308 3400 Probatur
321 3341 406 3417 igitur
421 3339 532 3397 Christi
546 3338 678 3395 divinitas
694 3336 852 3395 innumeris
866 3336 990 3393 textibus
1005 3336 1054 3408 qui
1069 3354 1135 3394 eum
1151 3337 1257 3396 Filium

84 3431 125 3492 Dei
136 3439 295 3514 pradicant,
312 3454 356 3491 ror
372 3444 437 3495 utor,
449 3444 525 3492 tanta
538 3453 604 3493 cum
626 3433 756 3509 emphasi
771 3445 799 3489 et
818 3432 1008 3498 solemnitate,
1024 3440 1055 3488 ut
1074 3451 1257 3506 nequaquam

84 3546 131 3591 tun
144 3535 205 3593 filiis
220 3533 362 3610 adoptivis
385 3531 476 3607 possit
496 3530 642 3588 confundi.
684 3529 779 3606 ipsius
795 3527 905 3584 Christi
921 3527 960 3584 de
971 3544 1003 3582 se
1024 3525 1100 3584 Filio
1115 3527 1171 3585 Dei
1184 3529 1258 3586 affir-

256 3710 294 3770 (1)
312 3707 369 3756 Heb
382 3706 398 3755 i.
411 3708 434 3754 6.

254 3796 292 3854 (2)
312 3790 474 3840 paxeriis.
489 3790 553 3839 Heb.
600 3837 601 3840 ,

254 3878 295 3939 (3)
313 3874 473 3938 Septuaginta
484 3874 628 3923 addiderunt
638 3878 702 3932 pron,
714 3867 789 3917 ueluti
801 3867 968 3931 explicationis
980 3866 1064 3928 gratis,

258 3963 295 4021 (4)
315 3961 393 4024 Aput.
405 3975 426 4007 v.
443 3961 481 4007 13.

87 4106 92 4113 ⁸
163 4044 171 4050 ’
256 4050 293 4108 (51
312 4044 383 4095 Matt.
400 4061 423 4094 x·
438 4047 460 4093 1.
489 4075 493 4082 ·

256 4135 294 4195 (b)
313 4132 385 4182 Joan.
396 4131 449 4180 xiv.
462 4133 486 4179 6.

257 4223 296 4282 (t)
313 4219 379 4269 Joan
390 4217 442 4267 viii.
456 4218 495 4266 12.

256 4309 294 4367 (8)
311 4303 376 4352 Joau
387 4302 421 4351 xi.
433 4304 474 4350 25.

262 4391 300 4452 (9,)
317 4389 382 4438 loen
393 4403 419 4437 x.
430 4390 471 4437 28.

260 4476 315 4536 (10)
332 4472 405 4522 Joan.
415 4470 448 4520 vi.
460 4473 501 4520 55.

262 4560 317 4622 (ll)
336 4559 391 4609 act
402 4557 435 4608 iv.
446 4558 484 4605 12.
