2744 5024
262 319 270 330 ,
361 271 419 332 DE
440 220 600 333 mulleis
620 273 1043 337 ΡΕΒῈΕΟἹῚΟΝΙΒΠ8..
1244 280 1279 336 ll

79 436 148 487 ratu.
191 426 252 486 Sic
257 375 329 487 olins
343 372 521 506 Augustinus
535 429 571 489 de
584 430 828 508 Philosophorum
849 431 925 490 huc
917 450 946 490 ru
961 449 991 490 re
1005 433 1279 493 concertationibus:

81 520 172 581 “Sed
194 541 312 596 quoquo
332 524 420 587 ruodo
437 543 469 583 ss
491 524 613 584 habeant
632 526 848 584 tortuosissimae
870 528 1094 586 concertationes
1114 538 1143 586 et
1156 529 1281 605 disputa·

82 618 174 677 tiones
195 619 463 697 Philosophorumr
486 640 539 679 nos
555 631 586 679 ut
605 622 776 679 confitentur
795 640 940 681 summum
960 632 990 680 et
1004 641 1101 682 rerum
1122 624 1252 691 Deurn,
1244 635 1283 683 ιιι

82 715 257 774 uoluntatem
267 735 467 790 summamque
483 731 651 794 potestatem
664 738 696 776 ac
709 720 915 796 prescientiam
928 720 992 796 ejus
1003 720 1184 778 confitemur.
1216 720 1281 778 Nec

84 810 219 867 timemus
233 829 269 868 ne
283 811 349 870 ideo
365 813 507 871 uoluntate
526 833 582 872 non
604 813 751 880 faciamus,
767 813 844 886 quod
866 815 1008 874 uoluntate
1023 815 1155 882 facimus,
1170 817 1238 890 quia
1252 816 1282 874 id

83 922 137 962 nos
152 905 275 964 lecturos
290 907 338 995 ille
353 909 503 985 praescivit,
519 910 600 986 cnjus
615 910 796 985 praescientia
808 909 866 967 falli
882 929 938 968 non
955 920 1057 987 potest.
1081 914 1096 947 *
1117 914 1134 947 ¹*
1156 912 1225 970 Non
1237 921 1283 971 est
1339 950 1342 957 ·

83 1013 178 1061 autem
189 1022 381 1077 consequens,
397 1019 428 1064 ut
440 1007 466 1064 si
481 1006 544 1064 lleo
558 1019 651 1065 certus
666 1019 709 1064 est
723 1007 852 1065 omniurn
867 1007 937 1065 ordo
951 1027 1111 1074 causarum,
1127 1008 1193 1066 ideo
1207 1008 1280 1069 nihii

48 1147 53 1153 .
82 1100 121 1157 sit
136 1099 286 1158 innostrae
301 1102 452 1160 voluntatis
467 1103 591 1161 arbitrio.
632 1103 1283 1181 Etipsoeqnippenossraevuluntatesinrau·

82 1215 180 1255 esrum
205 1197 304 1257 ordins
328 1209 406 1266 sunt,
420 1202 471 1272 qui
491 1209 584 1257 certus
605 1211 650 1258 est
671 1200 744 1268 Deo,
760 1201 880 1277 ejusque
902 1202 1080 1279 prescientia
1101 1202 1280 1262 continetur:
1358 1242 1360 1249 ·

84 1280 221 1366 quoniam
236 1305 266 1352 et
279 1295 411 1353 humanae
426 1296 582 1358 voluntates
597 1296 785 1355 humanorum
801 1317 920 1374 opernm
936 1317 1030 1356 causac
1045 1297 1168 1355 ιιιιιι.”Ι

124 1389 369 1451 scholasticorum
382 1392 578 1452 distinctiones
590 1394 773 1472 negligendas
785 1395 957 1471 putavimus,
970 1415 1041 1468 quas
1053 1397 1128 1473 apud
1140 1396 1284 1455 Gazzeni-

84 1505 131 1564 ga,
148 1487 288 1558 Perrone,
304 1490 434 1564 aliosque
448 1491 513 1565 quis
529 1493 632 1568 poterit
645 1493 801 1569 explicatas
815 1493 935 1570 legare.⁸

388 2021 426 2079 C.
447 2020 502 2080 111.
543 2019 601 2078 DE
622 2019 695 2077 DEI
718 2018 990 2080 VOLUNTATE.

128 2193 181 2250 23.
204 2190 379 2269 Supremum
402 2192 458 2250 Dei
481 2193 637 2259 arbitrium,
664 2193 699 2250 ab
720 2194 799 2251 omni
820 2196 997 2268 necessitatis
1019 2197 1132 2257 viuculo
1155 2198 1287 2272 liberum,

87 2291 228 2366 praedicat
237 2290 309 2348 fides
320 2311 329 2348 ι
346 2301 365 2328 ‘¹
374 2291 480 2348 Omnia
491 2309 678 2363 quaecumque
690 2292 790 2359 voluit,
803 2292 916 2352 fecit.‘’⁸
957 2292 1125 2370 “Operatur
1137 2302 1234 2356 omnis
1244 2318 1289 2356 se·

89 2385 221 2443 cundum
233 2387 385 2444 consilium
398 2386 549 2444 voluntatis
561 2384 669 2443 suae.”⁴
698 2387 843 2460 ¹Equidem
857 2408 946 2462 quum
961 2389 1023 2447 Eos
1035 2391 1072 2448 sit
1083 2394 1288 2459 necessarium,

90 2481 172 2554 quod
186 2502 203 2539 a
217 2483 296 2541 nullo
310 2484 366 2540 ulio
380 2483 521 2540 ullatenus
548 2481 664 2559 pendet,
679 2484 755 2542 nulla
775 2486 802 2542 ei
822 2497 916 2562 potest
930 2505 994 2543 esse
1008 2489 1174 2555 necessitas,
1190 2502 1291 2566 prreter

89 2597 157 2636 eam
172 2597 238 2651 quae
252 2597 289 2636 ex
303 2579 367 2655 ipsa
378 2597 437 2636 suae
451 2581 582 2638 essentiae
597 2581 769 2658 perfectione
784 2581 944 2639 derivatur:
968 2593 1044 2657 patet
1057 2593 1152 2641 autern
1168 2603 1214 2640 res
1229 2584 1290 2660 ple-

91 2693 198 2747 raeque
223 2674 292 2733 aliis
315 2676 377 2734 fieri
402 2676 540 2755 potuisse,
562 2686 591 2734 et
610 2679 696 2736 alium
721 2677 850 2753 potuisse
873 2678 1008 2735 constitui
1031 2697 1125 2736 rerum
1148 2679 1289 2737 ordinem.

94 2769 180 2836 Quod
193 2791 211 2828 a
224 2771 331 2829 Stoicis
345 2772 414 2829 olim
427 2773 582 2848 ponebatur
592 2772 639 2830 iuti
655 2773 810 2840 vinculum,
823 2784 852 2829 et
865 2791 929 2844 quae
942 2791 957 2827 a
968 2773 1136 2847 pantheistis
1148 2775 1291 2831 recentius

97 2880 203 2927 statuta
216 2881 311 2927 estex
325 2889 472 2927 causarum
487 2870 634 2937 relatione,
649 2869 759 2926 infinita
773 2856 856 2934 serie,
879 2862 1049 2932 necessitasl
1060 2868 1138 2926 nullo
1160 2872 1293 2945 probatur

99 2976 268 3042 argumento
280 2965 349 3032 ,imo
364 2964 520 3023 manifestae
534 2965 635 3022 rationi
650 2972 803 3040 repugnat:
819 2962 911 3035 liquet
924 2961 999 3019 enim
1012 2981 1048 3020 ex
1060 2981 1152 3020 rerum
1165 2964 1291 3040 ipsarum

97 3072 197 3119 natura
211 3061 313 3118 variari
327 3079 413 3136 posse
427 3072 556 3118 eventus.
598 3061 669 3127 Quae
684 3059 780 3117 statuit
800 3058 1005 3130 Deus„ntique
1019 3059 1230 3135 sapientissime
1245 3059 1294 3119 de·

95 3168 173 3215 creta
189 3168 267 3225 sunt,
277 3176 447 3230 summoque
458 3154 590 3224 oonsilio,
601 3157 683 3234 qu'us
694 3155 825 3232 praeolara
837 3156 941 3214 indicia
955 3155 983 3212 in
996 3141 1112 3214 minutis
1121 3157 1292 3231 quibusque,

97 3253 172 3311 sicut
185 3263 216 3310 et
229 3253 259 3310 in
273 3253 407 3310 maximis
428 3253 511 3310 rebus
526 3242 758 3328 conspiciuntur:
782 3253 832 3310 sed
854 3271 941 3309 nemo
955 3271 1041 3310 sanus
1063 3253 1167 3311 eliserit
1181 3234 1292 3313 inlinita

97 3368 173 3426 pene
184 3351 319 3407 varietate
334 3369 379 3408 res
391 3349 475 3407 condi
487 3348 659 3426 disponique
670 3349 744 3406 haud
755 3352 894 3426 potuisse,
906 3349 977 3407 adeo
990 3363 1019 3406 ut
1029 3350 1169 3425 sapientia
1181 3370 1296 3408 summa

97 3447 192 3506 adhuc
206 3447 336 3524 fulgeret
377 3447 437 3505 Vix
450 3465 523 3523 opus
538 3459 582 3503 est
595 3458 626 3503 ut
639 3437 767 3504 dicamus
782 3447 940 3504 libertatem
954 3447 1080 3505 divinam
1103 3447 1175 3505 male
1190 3447 1294 3524 agendi

99 3542 262 3602 facultatem
277 3543 384 3601 nullam
399 3543 571 3619 importator
594 3542 655 3600 haec
669 3543 745 3600 enirn
768 3543 904 3600 libertatis
920 3551 964 3599 est
979 3542 1089 3610 vitium,
1107 3562 1159 3600 nec
1175 3542 1209 3600 ad
1230 3562 1295 3600 earn

99 3642 242 3700 ullatenus
257 3641 388 3718 pertinet,
403 3639 544 3713 quamvis,
560 3639 627 3698 dum
643 3639 678 3698 de
693 3641 857 3698 homiuibus
872 3640 960 3715 lapsis
976 3639 1076 3716 agitur,
1093 3640 1172 3697 liberi
1188 3638 1295 3698 arbitrii

98 3739 218 3798 nornine
237 3738 397 3796 facultatem
416 3738 447 3796 in
468 3749 618 3811 utrumque
640 3737 846 3814 intelligamus:
872 3737 986 3794 “Solus
1007 3736 1088 3794 Deus
1109 3735 1186 3805 est,'’
1202 3737 1311 3810 inquit·

76 3944 592 4016 (l)dscir.Dei.lvc.ix....nl³

137 4038 174 4096 (2)
193 4032 302 4082 Scientia
312 4029 436 4099 simplicis
446 4028 619 4100 inlelligmlioe
630 4014 715 4081 vot*
726 4037 763 4080 est
773 4028 871 4079 diuinus
882 4031 1014 4091 conceptus
1025 4041 1104 4075 rerum
1117 4025 1297 4094 possibilium.-

104 4122 204 4172 seicntia
214 4119 320 4171 visionis
330 4119 497 4185 complectitur
510 4134 613 4183 resque
631 4117 761 4182 aliquando
778 4116 887 4166 extitnrre
898 4121 964 4167 runt.
981 4108 1096 4164 invexit
1112 4113 1206 4164 Moliua
1222 4115 1300 4166 scien·

107 4206 164 4254 tium
175 4203 402 4255 conditionolorum
413 4219 489 4267 quum
500 4201 604 4252 medisrn
615 4202 724 4252 vocarit:
742 4200 839 4266 respicit
849 4199 942 4249 scilicet
951 4215 980 4248 ea
991 4215 1045 4263 quse
1056 4198 1140 4256 forent,
1152 4198 1230 4263 posits
1242 4215 1300 4262 qua·

109 4287 162 4338 darn
178 4286 319 4340 conditione
335 4303 471 4353 numquam
488 4286 650 4352 adimplenda.
683 4286 703 4336 Ι.
720 4286 780 4348 Reg.
792 4284 862 4335 xxiii.
876 4287 914 4332 ll.
940 4284 999 4350 Sap.
1010 4283 1042 4334 ir.
1063 4285 1102 4333 11.
1125 4283 1197 4334 Mati.
1208 4283 1241 4334 xi.
1258 4287 1300 4334 21.

109 4370 167 4424 buc.
177 4389 203 4424 x.
217 4363 255 4426 13.

144 4462 179 4522 (8)
196 4460 237 4510 Pr.
248 4459 315 4510 cxiii.

143 4547 179 4610 (t)
194 4544 288 4613 Epist
302 4548 341 4595 ιι.
