2730 5018
194 286 200 299 '
306 374 313 383 ,
390 299 447 369 n'n
469 298 567 369 rme
587 300 903 370 memmerunt.
1047 404 1051 417 ι
1135 258 1245 372 ¹aes

84 456 122 520 S.
151 461 347 522 hueusrnvus
372 465 428 523 ait:
462 475 483 502 “
492 466 548 524 Est
571 464 643 523 fides
666 475 695 523 et
718 448 919 542 preteritemm
944 484 1048 536 rerum,
1074 477 1102 525 et
1125 486 1249 545 praeeen·

49 552 120 613 tium
136 566 166 614 et
190 557 573 617 suturamm.’'¹-“Nostra
585 558 668 626 tides,
683 559 739 616 hoc
763 570 817 627 est,
834 559 984 619 catholice
996 560 1078 628 fides,
1098 561 1192 636 justos
1214 562 1248 620 nb

48 648 161 727 injustis
187 670 245 710 non
267 671 399 729 operum,
421 653 474 712 sed
498 655 562 730 ipsa
583 651 650 710 tidei
673 654 736 730 lege
760 653 911 713 discernit:
927 656 994 728 quie
1013 657 1110 732 justus
1132 673 1170 713 ex
1190 656 1247 713 lide

50 748 165 808 vivit.”⁸

80 851 159 907 ¹228.
184 849 216 906 S.
237 848 320 906 Leo:
344 855 364 882 ⁸⁸
377 843 444 903 Hoc
457 853 502 901 est
517 843 594 916 quod
611 843 749 919 justificat
769 845 885 922 impios,
901 846 957 904 hoc
970 856 1015 905 est
1030 846 1107 920 quod
1127 864 1165 905 ex
1185 865 1250 923 pec·

49 944 195 1000 sutoribus
209 943 276 1000 facit
289 949 414 1013 sauctus,
427 940 452 996 si
473 939 503 995 in
517 956 574 995 uno
589 937 748 1011 eodemque
773 939 900 998 Domino
915 950 1013 1000 nostro
1033 941 1103 1001 Jesu
1120 941 1249 1008 Christo,

10 1030 15 1067 ἶ
46 1045 75 1094 et
87 1055 158 1094 vera
173 1036 284 1102 Deitas,
299 1044 327 1092 et
341 1051 407 1091 vera
420 1032 549 1089 credetur
562 1032 772 1090 humanitas.”⁸

62 1145 67 1153 ·
88 1134 165 1189 229.
187 1128 311 1188 Accedit
324 1127 401 1186 rotie
415 1114 590 1204 theologica.
632 1126 729 1184 Nemo
743 1137 839 1203 potest
852 1129 991 1187 infallibili
1011 1130 1179 1187 certitudine
1192 1148 1252 1188 cre·

50 1224 117 1284 dere
132 1235 251 1301 peccate
261 1224 317 1281 eibi
331 1222 460 1284 remissa.
471 1217 526 1278 nisi
541 1220 598 1277 Dei
611 1221 728 1278 innixus
748 1221 942 1280 revelatione:
965 1224 1042 1296 amul
1057 1225 1134 1281 nulla
1154 1225 1252 1281 existit

51 1319 190 1385 revelatio
206 1315 341 1396 specialis
356 1327 472 1393 peccata
483 1315 603 1391 alicujus
613 1330 677 1371 esse
688 1315 825 1382 remisse3
841 1315 900 1373 imo
912 1335 964 1374 nec
975 1315 1125 1399 generulis
1139 1329 1182 1375 est
1196 1317 1254 1376 ulla

55 1410 194 1474 revelatio
209 1424 325 1490 peccatu
337 1412 445 1471 remitti
460 1411 516 1468 illis
531 1410 635 1482 quihus
649 1421 726 1467 certo
741 1427 909 1484 persuasum
924 1411 1008 1469 luerit
1021 1429 1056 1467 ee
1068 1411 1124 1468 sihi
1136 1412 1253 1470 remitti.

53 1508 240 1571 Pretereade
252 1526 304 1567 ena
318 1507 579 1585 poenitentienemn
588 1503 869 1561 infallibilitercertns
878 1516 931 1573 est3
941 1524 1009 1581 ergo
1019 1505 1113 1564 necde
1124 1507 1253 1565 remissie

55 1604 110 1664 sihi
125 1606 263 1682 peccetis,
279 1622 346 1662 nem
359 1604 441 1661 Deus
455 1600 570 1659 nonnisi
584 1599 786 1675 poenitentibus
802 1599 916 1658 veniam
936 1600 1072 1678 indulget.
1114 1601 1254 1660 Praeclere

53 1703 113 1760 hese
126 1701 250 1778 exponit
262 1700 459 1759 Bossuetius.⁴
497 1696 531 1754 ld
545 1697 663 1770 insuper
684 1713 742 1753 nou
763 1696 1046 1778 pretermittendum,
1062 1696 1092 1755 in
1112 1698 1254 1774 symbolis

54 1798 262 1870 antiquissimis
276 1794 452 1872 temporibus
465 1793 618 1869 usurpatis,
634 1791 669 1848 de
690 1790 746 1848 tide
768 1791 816 1849 illa
830 1791 909 1849 sileri
924 1811 988 1864 quse
1011 1802 1106 1850 temen
1127 1792 1254 1851 Luthero

59 1894 194 1952 ecthesis
208 1913 241 1952 ec
255 1893 469 1952 fundamentum
483 1890 524 1947 rei
539 1888 711 1946 christiane.
1073 1885 1076 1889 ’

551 2095 760 2136 ΟΒΙΕΟΤῘΟΝΕΒ.

95 2263 169 2318 230.
194 2256 261 2335 ooj.
280 2261 307 2315 1.
330 2254 417 2313 Fides
437 2254 473 2311 ab
494 2251 632 2328 Apostolo
655 2249 789 2308 delinitur
807 2249 912 2308 fiducia
933 2268 1028 2308 rerum
1052 2252 1222 2327 sperandum
1234 2256 1258 2308 ι’

60 2361 121 2412 terr
132 2359 158 2409 u
169 2370 237 2420 πιςις
246 2351 408 2420 minuive»
421 2347 575 2414 tatemer
606 2344 776 2404 Certissima
789 2347 896 2424 quippe
910 2347 1057 2421 persuasio
1072 2346 1260 2424 apprehendit

10 2490 22 2497 .
61 2444 170 2501 disiuss
185 2440 401 2518 promissiones,
411 2452 439 2496 et
449 2459 544 2499 oerum
560 2460 613 2499 uos
626 2441 693 2500 iacit
706 2442 868 2517 participes.
982 2441 986 2445 ’
1332 2430 1336 2443 ’

98 2543 170 2597 2³1.
190 2537 281 2615 Reep.
303 2536 337 2595 S.
353 2536 580 2612 chrysostomus
596 2538 713 2614 pulchre
728 2556 790 2595 eam
811 2536 878 2595 fidei
893 2537 1114 2613 descriptionem
1129 2539 1258 2597 illustret.

63 2644 82 2671 ‘⁴
91 2634 238 2701 Quoniam
251 2650 286 2690 es
296 2650 362 2704 quse
375 2640 441 2688 sunt
455 2632 484 2689 in
498 2650 561 2707 spe,
577 2633 639 2689 sine
654 2632 811 2689 substantia
825 2650 890 2688 esse
907 2642 1047 2708 putantur,
1064 2632 1135 2689 fides
1156 2634 1198 2690 eis
1213 2634 1261 2692 tri·

62 2729 121 2787 buit
133 2729 333 2794 substantiam.
348 2729 440 2805 magis
455 2737 549 2786 autem
561 2729 604 2785 eis
619 2746 676 2785 non
692 2727 798 2795 tribuit,
811 2726 860 2784 sed
874 2729 937 2803 ipsa
950 2736 993 2784 est
1006 2729 1130 2785 essentis
1141 2746 1260 2786 eorum:

50 2816 92 2882 =ut
114 2834 196 2901 puts,
211 2825 379 2882 resurrectio
401 2823 524 2881 necdum
547 2823 619 2880 sacta
633 2834 686 2890 est,
702 2833 730 2880 et
752 2822 887 2881 necdum
903 2835 946 2879 est
966 2823 995 2880 in
1010 2824 1183 2882 substantie:
1206 2823 1259 2881 sed

64 2918 134 2977 tides
149 2919 293 2976 faciteam
308 2918 462 2974 subsistere
477 2916 506 2973 in
521 2917 616 2974 anime
629 2925 742 2985 nostrs;
757 2917 812 2974 hoc
826 2916 959 2989 estquod
974 2916 1045 2974 dixit
1059 2917 1264 2976 substitutirs.”⁷

66 3014 133 3072 Non
145 3012 217 3073 dicit
227 3011 384 3088 Apostolus
392 3010 478 3068 fidem
492 3028 556 3068 esse
570 3009 704 3089 fiduciam
718 3009 754 3068 de
768 3010 877 3068 Christi
887 3011 997 3087 justitia
1014 3012 1096 3069 nobis
1110 3012 1264 3095 imputatam¹

67 3107 118 3167 ssd
137 3126 204 3166 eam
223 3107 307 3165 docet
319 3108 403 3165 nobis
424 3105 574 3182 praesentin
588 3105 675 3163 veluti
689 3106 788 3163 sistere
803 3125 866 3178 que
886 3124 1044 3181 speramus,
1059 3117 1088 3165 et
1107 3107 1266 3165 certissime

68 3201 162 3261 iecere
189 3220 253 3274 quse
280 3202 372 3260 oculis
399 3221 457 3260 non
484 3200 647 3276 subjacent:
678 3209 923 3277 “argumentum
949 3217 1011 3259 nort
1038 3202 1264 3280 apparentium‘’

67 3314 218 3370 mperes
227 3300 364 3368 lesmor
382 3303 542 3369 βιιιιομέκ».
565 3297 636 3363 Quae
657 3297 751 3355 laudat
771 3297 960 3374 exemplares
975 3299 1111 3357 revelatas
1126 3309 1265 3376 spectent,

67 3384 147 3443 nullo
160 3383 234 3442 secto
248 3383 321 3441 inter
334 3387 540 3460 promissiones
554 3400 582 3447 et
596 3391 738 3449 doctrines
753 3389 927 3448 discrimine.

104 3484 177 3539 282.
202 3478 270 3558 ooj.
284 3485 313 3538 2.
336 3482 492 3556 Apostolus
507 3486 660 3546 Abrahami
674 3486 785 3545 extollit
797 3486 904 3544 fidem:
928 3495 946 3523 “
956 3489 1006 3559 qui
1026 3498 1124 3548 contre
1138 3508 1220 3566 spem
1236 3490 1266 3548 in

100 3665 140 3727 (l)
152 3663 254 3715 Euchir.
266 3682 289 3715 c.
299 3664 349 3714 viii.

102 3746 140 3808 (ἓ)
157 3745 188 3797 L.
200 3748 234 3797 iii.
243 3757 328 3798 contre
338 3749 355 3796 2
366 3766 404 3814 ep.
416 3752 497 3815 Peleg.
507 3770 528 3804 c.
540 3757 564 3802 b.

101 3835 142 3894 (8)
159 3832 239 3882 Germ.
249 3833 282 3884 is.
293 3833 323 3884 de
334 3836 426 3900 Epiph.

102 3919 144 3978 (4)
161 3917 255 3969 Veniet.
264 3921 281 3968 l.
291 3920 308 3969 i.
320 3925 334 3980 ς
347 3921 381 3971 xi.
413 3922 503 3973 Bullus
512 3923 584 3972 ctiam
595 3923 622 3972 in
633 3923 719 3972 Herm.
728 3924 814 3986 Apost.
822 3922 922 3988 purim.

103 4005 144 4067 (d)
160 4009 176 4034 ‘⁴
183 4002 259 4053 reith
269 4004 291 4053 ie
301 4004 343 4055 the
353 4005 493 4072 confiderunt
504 4009 533 4056 of
545 4008 629 4069 things
648 4008 728 4071 hoped
748 4009 793 4056 ior.
825 4008 859 4056 So
870 4024 915 4057 our
926 4006 1068 4058 treuslators
1078 4007 1141 4057 heve
1152 4009 1272 4063 rendered

69 4086 112 4137 the
123 4072 190 4145 word
201 4090 326 4165 ὑποςῳις.
359 4090 422 4139 Heh
434 4091 469 4141 iii.
482 4093 520 4140 14.
556 4092 604 4142 But
614 4092 657 4141 the
669 4091 749 4141 Greek
760 4101 959 4155 commentatore,
967 4092 1053 4154 taking
1064 4092 1105 4142 the
1116 4093 1183 4143 srord
1199 4094 1226 4145 in
1240 4096 1274 4147 its

69 4173 241 4236 etymologieel
254 4176 378 4237 monning,
388 4164 487 4239 explain
498 4176 540 4225 the
548 4177 629 4226 clsuse
640 4177 712 4226 thus:
732 4175 804 4226 Fuith
814 4178 881 4239 gives
890 4195 905 4228 e
915 4185 1013 4244 present
1024 4178 1173 4227 subsisteucs
1190 4186 1216 4229 to
1233 4180 1274 4231 the

70 4257 246 4320 futurethings
258 4258 341 4308 which
352 4274 393 4307 sre
403 4258 483 4323 hopsd
501 4259 561 4309 ior.”
595 4260 741 4323 Mechnight
757 4263 786 4310 in
803 4260 891 4313 lorum.
926 4262 1110 4313 Animadvertst
1124 4263 1202 4315 tenes
1215 4281 1275 4330 quo·

71 4341 147 4392 modo
155 4341 297 4407 interpretes
307 4344 480 4394 Protestautici
491 4361 587 4394 enorum
599 4352 695 4396 textum
706 4348 828 4406 verterint,
837 4348 888 4396 suis
900 4349 1019 4397 erroribus
1030 4346 1162 4397 mentes.
1232 4393 1243 4419 ι

110 4429 154 4494 (t)
174 4427 241 4479 Heb.
253 4429 287 4477 x'n
299 4428 321 4478 1.

113 4512 155 4578 (7)
175 4511 252 4562 Ηοιιι.
262 4511 307 4562 xii.
318 4511 345 4561 in
357 4527 396 4577 ep.
407 4512 438 4562 sd
450 4512 573 4562 Hebenus.
