2730 5018
76 256 136 322 274
385 261 442 323 DE
464 261 635 322 GRATIAE
658 259 963 322 NECESSITATE.

77 415 166 487 aiunt,
185 420 258 477 bona
278 427 354 486 sunt,
376 418 484 479 saltcm'
502 419 531 477 in
556 436 598 486 se,
624 417 732 475 scilicet
751 435 814 490 quae
839 419 956 478 rationis
982 416 1180 478 dictaminibus
1197 442 1245 491 mn.
1319 484 1325 495 ¹

77 515 212 572 veniunt:
234 532 320 571 nemo
334 514 510 583 solempni
525 511 660 569 divinitus
675 511 798 595 adjutus,
813 529 848 570 ea
868 512 980 588 perficit
993 531 1058 585 quae
1078 526 1246 589 supemspra.

76 611 141 668 liter
159 610 234 667 bona
254 620 330 678 sunt,
345 627 466 682 quaeque
482 607 517 666 ad
540 607 659 666 salutem
683 608 840 666 conserunt.
883 608 928 666 De
950 608 986 665 iis
1008 608 1078 666 dicit
1097 609 1245 685 Apostolus:

78 705 190 764 “Deus
204 716 249 762 est
262 706 339 762 enim
355 705 404 776 qui
418 714 551 780 operatur
564 703 594 759 in
608 703 689 759 vobis
703 713 732 758 et
746 703 817 760 velle
831 713 860 759 et
873 703 1010 779 perlicere
1025 722 1078 780 pro
1088 703 1163 775 bona
1174 709 1248 772 volun·
1313 758 1317 762 .

77 802 166 860 tate.''
206 802 251 859 Dc
266 801 399 860 Ethnicis
414 811 507 858 autem
523 799 591 856 dicit
604 816 654 854 eos
668 810 773 856 naturae
787 799 872 856 ductu
888 800 968 875 plura
981 800 1077 858 iacere
1092 818 1154 873 quse
1167 807 1248 880 reguli,

77 916 190 956 morum
205 907 272 954 sunt
285 915 421 962 consona,
435 895 557 966 ideoque
579 893 650 970 legis
671 893 823 952 dictamina
843 893 930 951 corda
944 894 1088 972 insculpta
1107 897 1249 960 ostendere:

79 1010 153 1066 quos
167 1002 262 1049 tamen
276 1009 333 1047 non
347 989 417 1047 dicit
430 989 546 1047 virtutes
560 989 787 1064 supernaturales
802 1006 945 1046 exercere.
1029 1044 1034 1051 ,

120 1091 169 1144 ts.
195 1084 262 1163 Obj.
280 1089 326 1142 11.
348 1083 420 1150 Qua
447 1082 482 1142 de
510 1084 721 1161 operationibus
747 1081 1024 1160 supernaturalibus
1048 1093 1077 1139 et
1095 1080 1255 1147 immediatis
1310 1134 1314 1139 .

81 1182 138 1241 Dei
153 1183 181 1238 in
196 1184 319 1239 animam
331 1180 472 1245 dicuntur,
484 1180 663 1238 illusionibus
678 1178 921 1254 phantasiarum
937 1178 1075 1253 pandunt,
1091 1178 1258 1253 mysticorum
1321 1230 1325 1234 ,

80 1279 202 1337 somniis
227 1277 332 1343 favent,
346 1286 375 1333 ct
397 1277 531 1334 virtutum
556 1275 658 1333 tollunt
681 1276 875 1342 incitamenta,
888 1274 965 1333 sires
988 1274 1129 1332 humanas
1149 1274 1182 1331 ad
1201 1275 1259 1338 bens

81 1372 221 1450 agendum
236 1371 414 1446 denegando.

121 1472 171 1526 46.
192 1466 282 1544 Besp.
305 1467 376 1532 Quae
391 1465 427 1523 de
447 1464 512 1523 Deo
526 1465 605 1523 cordi
626 1474 803 1534 comscante,
815 1446 1039 1529 si'rolunuum
1057 1456 1189 1522 movente
1209 1463 1263 1525 dici·

83 1582 158 1631 mus‚
174 1581 211 1621 ex
225 1562 396 1620 testimoniis
410 1562 570 1638 perspicuis
585 1563 750 1638 Scripturas,
764 1572 793 1619 et
806 1561 954 1620 traditione
968 1561 1127 1619 certissima
1141 1560 1265 1622 Ecclesiu

83 1659 246 1719 didicimus.
289 1658 395 1716 Nullus
409 1667 454 1714 est
468 1657 624 1734 phantasia
646 1658 826 1717 illusionibus
846 1658 939 1725 locus,
955 1657 1050 1715 nullus
1069 1656 1208 1723 somniis;
1227 1659 1267 1717 ssd

84 1755 244 1814 certissima
257 1763 324 1810 sunt
343 1753 483 1828 principia
496 1771 560 1825 qum
583 1753 708 1812 divinam
730 1752 934 1812 commendant
955 1751 1191 1820 munificentiam,
1211 1750 1268 1814 dum

85 1851 239 1909 humanam
264 1849 410 1907 enuntiant
431 1848 634 1907 infirmitatem.
676 1850 745 1908 Non
771 1849 906 1907 tolluntur
930 1850 1066 1907 virtutum
1088 1848 1268 1918 incitamenta,
1315 1876 1325 1917 ,ε

86 1962 152 2003 nam
167 1944 295 2001 divinum
310 1944 447 2002 auxilium
462 1944 638 2019 proponitur,
654 1962 711 2016 quo
726 1961 774 2001 eas
787 1961 920 2001 exercere
935 1943 1090 2002 valeamus.

126 2043 175 2097 47.
201 2035 268 2116 Obj.
286 2042 332 2096 12.
354 2037 490 2096 Liberum
504 2038 650 2097 arbitrium
660 2038 769 2097 nullum
783 2049 836 2107 est,
846 2038 872 2096 si
883 2039 954 2096 nibil
968 2039 1157 2097 valeathomo
1169 2037 1273 2115 aggredi

86 2135 194 2206 absque
208 2134 305 2209 gratia.

126 2235 175 2289 48.
196 2230 286 2308 Resp.
308 2231 452 2299 Fatemur,
467 2249 533 2290 cum
548 2232 720 2309 Augustino,
734 2231 867 2291 homines
881 2233 980 2308 lapsos
996 2229 1119 2288 libumm
1139 2229 1278 2291 arbitrium

88 2324 124 2383 ad
137 2323 315 2400 diligendum
330 2324 425 2384 Deum
440 2345 500 2385 non
512 2327 628 2396 babere,
654 2327 724 2386 illud
746 2330 823 2386 enim
838 2327 902 2386 Ada
921 2336 1058 2405 pcepantc
1077 2327 1219 2385 amissum
1232 2335 1278 2385 ost.

87 2420 230 2481 Caeterum
244 2421 370 2482 libestats
385 2423 538 2500 pollemus,
552 2434 693 2499 quatenus
706 2424 785 2484 nulla
797 2425 926 2484 absoluta
939 2404 1108 2484 nd'cesaitatc
1129 2422 1167 2482 ad
1188 2441 1283 2500 pccca-

87 2528 148 2578 tum
163 2519 316 2589 trahimur3
338 2529 367 2579 et
380 2522 477 2600 gratim
492 2521 666 2581 assentiendi
680 2523 724 2582 vel
738 2521 916 2600 repugnandi
930 2521 1070 2581 babemus
1084 2530 1266 2599 potestatem.

544 2750 833 2796 snmsnvnnstonss.

131 2904 179 2966 lo.
194 2903 247 2966 llla
261 2909 355 2985 gratiae
366 2922 450 2981 quam
464 2909 705 2983 propugnavimus
718 2908 872 2967 necessitas
884 2917 1003 2979 spectat,
1012 2917 1044 2964 ut
1055 2903 1193 2973 diximus,
1209 2916 1291 2965 actus

90 3007 141 3078 qui
156 3005 190 3061 ad
211 3005 312 3061 animae
328 3004 447 3061 salutem
463 3003 622 3077 diriguntur
636 3013 665 3057 et
678 2999 813 3061 tendunt:
837 2998 913 3072 quod
927 3000 1003 3056 enim
1019 2999 1143 3075 pertinet
1157 2999 1193 3056 ad
1208 3009 1290 3056 actus

91 3100 233 3160 moralem
248 3100 442 3157 tantummodo
463 3100 639 3156 honestatem
663 3097 889 3172 praeseferentes,
905 3096 980 3154 haud
1002 3115 1139 3173 negamus
1154 3115 1206 3155 eos
1227 3097 1292 3158 fieri

92 3214 179 3273 posse
194 3196 300 3266 absquo
322 3194 527 3269 supernaturali
549 3193 674 3250 auxilio:
697 3210 755 3248 non
775 3193 852 3249 enim
867 3191 998 3250 humanae
1014 3194 1087 3250 viros
1102 3193 1174 3252 adeo
1196 3194 1291 3250 tracta

91 3298 159 3347 sunt
172 3289 290 3363 originis
305 3297 422 3362 peccato
436 3296 467 3343 ut
481 3287 597 3344 rationis
609 3286 808 3343 dictaminibus
819 3304 975 3359 numquam
989 3287 1079 3345 valeat
1092 3289 1293 3364 obtemperare

92 3386 191 3450 homo,
205 3385 272 3441 licet
286 3384 340 3441 sibi
354 3383 479 3442 relictus.
505 3382 621 3440 Tutatio
630 3382 794 3459 pravitatis
815 3383 961 3458 placitum,
977 3384 1048 3442 adeo
1063 3384 1137 3459 apud
1154 3385 1293 3442 sectarios

93 3481 214 3547 celebre,
230 3481 468 3537 Janseniauorum
483 3479 628 3554 suffragiis
643 3479 796 3546 munitum,
811 3479 896 3555 longe
911 3479 996 3537 distat
1010 3483 1044 3537 ab
1067 3481 1207 3539 Ecclesia
1227 3480 1294 3538 doc·

94 3577 184 3633 trina:
206 3576 374 3647 “quianon
389 3593 480 3647 usquc
495 3573 565 3632 adeo
581 3575 610 3631 in
624 3575 720 3631 anima
733 3575 858 3633 humana
871 3575 966 3650 imago
989 3575 1045 3634 Dei
1059 3584 1237 3633 terrenorum
1254 3575 1293 3632 ai·

95 3672 219 3730 luctuum
235 3670 297 3727 labe
312 3670 411 3729 detrita
425 3681 478 3738 est,
493 3682 524 3727 ut
538 3670 614 3728 nulla
628 3670 658 3727 in
671 3688 705 3727 ea
720 3670 796 3726 velut
808 3670 980 3727 lincamenta
1000 3680 1128 3727 extrema
1148 3688 1294 3732 remanse-

95 3766 161 3831 riut,
176 3764 251 3822 unde
266 3764 365 3822 meritb
381 3764 438 3824 dici
453 3765 554 3841 possit,
569 3765 653 3822 stiam
664 3765 694 3822 in
708 3765 771 3840 ipsa
783 3765 927 3840 impietate
941 3765 1005 3824 vitae
1018 3783 1076 3821 suae
1088 3764 1178 3821 lacere
1194 3764 1292 3837 aliquo

95 3861 167 3938 legis
182 3863 228 3919 vel
242 3862 389 3938 sapere.”²
428 3862 470 3920 Ita
485 3863 673 3938 Augustinus,
688 3863 819 3938 Apostoli
835 3862 869 3920 de
885 3862 1028 3920 Gentibus
1050 3879 1113 3933 qum
1135 3861 1209 3936 legis
1225 3871 1295 3919 sunt

96 3956 259 4016 naturaliter
274 3958 440 4031 iacientibus
455 3957 539 4013 verba
552 3957 679 4015 laudans.
722 3956 796 4014 Haec
809 3956 924 4028 quidem
938 3955 1049 4012 delectu
1064 3954 1140 4020 finis,
1154 3969 1191 4010 cs
1204 3962 1298 4031 partu

97 4049 1296 4128 operantisnumquambonaessenequidemmoraliter,doceutAugustiniansnses,

99 4147 258 4209 Fatendum
273 4146 404 4204 homines
419 4147 515 4222 gratioe
530 4146 664 4204 subsidiis
679 4155 806 4203 carentes
821 4145 903 4202 iucile
918 4144 983 4212 lubi,
1007 4155 1036 4203 et
1048 4146 1106 4203 fine
1119 4145 1235 4211 vitioso,
1251 4144 1300 4206 vel

100 4242 251 4323 adjunctis,
275 4241 355 4318 ipsos
380 4242 429 4314 qui
453 4241 520 4298 boni
545 4239 677 4298 videntur
698 4249 787 4308 actus,
802 4239 918 4308 foedats,
934 4239 1005 4298 adso
1025 4249 1057 4303 ut
1077 4238 1112 4302 do
1134 4239 1170 4299 iis
1191 4236 1300 4304 diamu

405 4460 446 4528 (l)
466 4457 532 4520 Aug.
544 4459 560 4508 1.
574 4459 604 4508 de
617 4459 660 4525 Sp.
671 4467 696 4512 ct
706 4460 776 4512 lita
786 4460 872 4512 xxviii.
878 4475 904 4512 n.
915 4459 955 4512 ts.
