2744 5024
401 258 459 321 DE
479 254 637 319 ouium
657 244 955 317 euenturum

283 756 426 819 CAPUT
445 755 501 823 IV,
541 754 599 817 DE
621 752 778 837 uuam
798 748 1094 815 SUFFIOIEN'I’E.

131 957 199 1013 130.
222 952 329 1013 Praeter
354 953 474 1033 gratiam
500 951 646 1011 efficacem
674 957 834 1027 agnoscunt
860 945 1008 1023 Theologi
1034 942 1178 1005 Catholici
1200 937 1262 1020 offis
1317 1019 1321 1043 1

54 1042 63 1053 ’
90 1051 224 1119 ιίοιιιιιη,
239 1069 303 1125 quae
316 1050 428 1109 scilicet
439 1050 516 1107 vires
535 1046 572 1106 ad
582 1106 585 1111 ,
595 1045 737 1125 agendum
756 1054 881 1123 praelat,
894 1043 1027 1118 quamvis
1050 1040 1193 1101 eduntote
1210 1038 1267 1099 red

91 1156 178 1215 teate,
192 1145 313 1229 effectus
323 1164 381 1205 noo
395 1155 540 1225 sequatur.
580 1142 670 1201 Juxta
680 1141 801 1201 Molinae
810 1138 940 1199 ”hohor
951 1137 1103 1201 safficoaa
1114 1134 1268 1215 ςπιίιιιιιι

89 1243 211 1303 omnino
223 1240 339 1299 effectui
353 1238 537 1319 producendo
558 1257 642 1315 pares
663 1236 837 1317 suppeditat,
849 1234 924 1295 adeo
936 1244 969 1295 nt
987 1230 1053 1295 siae
1066 1252 1144 1293 novo
1163 1228 1270 1289 cnidii]

92 1336 213 1397 allectus
227 1348 327 1413 posset
339 1335 464 1415 prodire.
503 1334 562 1395 Est
575 1335 661 1413 igitur
674 1336 803 1412 potentia
815 1330 962 1412 medita.
975 1332 1064 1391 etiam
1078 1331 1188 1397 ratione
1197 1328 1271 1387 hibita
1292 1390 1297 1399 ,

92 1432 301 1511 adjunctorum,
315 1430 387 1491 adeo
400 1442 432 1491 ut
445 1432 575 1491 voluntas
590 1450 655 1491 uere
669 1432 761 1508 possit
770 1429 946 1489 consentire.
987 1428 1054 1495 Nec
1064 1437 1163 1492 tamen
1174 1440 1272 1483 nocent

88 1526 140 1589 'cst
152 1540 184 1589 ot
197 1518 272 1587 vires
293 1529 425 1605 proxime
439 1527 614 1589 sufficientes
635 1529 768 1604 praebeat,
781 1524 943 1585 dummodo
954 1524 1060 1587 virium
1073 1541 1147 1598 qaas
1159 1519 1274 1598 suppodi-

95 1634 136 1685 tat
148 1643 213 1694 nau,
227 1624 378 1685 validiorca
392 1625 537 1703 impetrari
551 1625 674 1701 possim.
702 1622 773 1683 ldeo
785 1624 840 1683 alia
853 1632 898 1681 ast
911 1622 1001 1700 gnua
1014 1626 1125 1679 rcaraotc
1137 1616 1273 1683 sufficiant.

94 1721 151 1779 alia
163 1718 303 1799 proxime
316 1720 475 1789 sufficiens,
488 1730 608 1795 utraque
623 1732 717 1779 tameo
731 1739 782 1797 par
796 1718 915 1778 effectui
928 1718 964 1778 ad
977 1734 1065 1792 quem
1078 1715 1171 1775 datur.
1213 1750 1216 1755 -

75 1888 79 1895 Ι
130 1821 205 1890 131.
227 1803 504 1895 duguetioianensea
517 1816 707 1875 sufficientem
721 1834 773 1874 aen
783 1814 960 1893 inefficacem
971 1808 1104 1891 gratiam,
1114 1811 1157 1869 nti
1170 1828 1228 1869 can
1238 1825 1275 1885 ao·

96 1912 203 1991 pellere
216 1914 336 1983 malunt,
347 1933 411 1973 eam
425 1914 532 1974 habent
544 1930 608 1989 quae
623 1912 763 1972 desideria
775 1923 805 1971 ct
827 1922 947 1971 conatus
967 1906 1110 1985 quosdam
1131 1907 1240 1975 excitat.
1253 1912 1276 1963 st

96 2008 254 2087 potentiam
268 2009 316 2067 dat
329 2008 444 2091 mendi
457 2027 515 2067 oon
530 2017 625 2068 umen
640 2007 780 2087 proxime
793 2006 970 2085 expeditam,
984 2004 1058 2065 adeo
1070 2015 1104 2063 ot
1123 2015 1202 2063 actua
1214 2018 1277 2061 nuo·

36 2176 39 2181 Ι
101 2123 189 2178 quam
202 2115 347 2179 aequatur.
362 2104 419 2163 nisi
432 2105 487 2163 alia
499 2105 590 2181 gratia
603 2104 750 2173 validiore,
763 2105 875 2163 scilicet
886 2102 1008 2171 efficaci,
1021 2099 1199 2173 accedente.²
1223 2097 1279 2157 list

87 2198 211 2283 'uictrix
225 2200 383 2276 appellator
397 2197 559 2268 delectatio,
574 2200 693 2259 vocibus
706 2201 742 2258 ab
764 2200 930 2276 Augustino
948 2197 1086 2257 mutuatis
1096 2200 1120 2266 ς*
1139 2214 1209 2269 quaa
1227 2193 1278 2253 lan·

98 2295 197 2354 acoius
211 2296 297 2355 etiam
310 2295 445 2354 adhibere
459 2297 633 2365 consuevit:
645 2294 699 2355 aed
711 2315 798 2355 semu
823 2296 908 2373 plano
928 2294 1074 2362 heretico,
1089 2292 1170 2368 qaod
1190 2284 1280 2351 adiisti
1308 2342 1313 2355 .

12 2440 16 2447 .
87 2374 270 2449 'macariana
292 2390 513 2449 delectationem
531 2391 604 2450 adeo
626 2391 760 2468 gradibus
782 2402 908 2469 cupemt,
929 2401 962 2451 ut
981 2391 1186 2451 nenessitatem
1199 2384 1282 2449 initui

93 2468 269 2544 'consensum
310 2486 356 2544 Ab
375 2485 430 2544 hoc
447 2486 598 2544 abhorrent
611 2487 898 2563 augustinianenaeu
912 2495 942 2545 et
960 2504 1048 2564 prava
1066 2483 1238 2544 consectaria
1252 2496 1282 2539 ιι
1319 2534 1321 2541 .

103 2581 254 2658 principiis
269 2582 427 2640 verissimis
442 2600 593 2658 perperam
607 2581 710 2639 deduci
724 2586 903 2654 queruntur.⁴

19 2694 30 2707 ‘
144 2682 212 2735 132.
235 2678 396 2736 Thomistoe
418 2678 538 2754 gratiam
564 2677 754 2735 sufficientem
768 2677 931 2752 intelligunt
951 2694 1013 2734 cam
1036 2693 1100 2747 quae
1116 2672 1286 2750 “potentian

102 2775 218 2849 quidem
234 2774 268 2832 ad
282 2776 390 2833 bonurn
404 2774 579 2850 operandum
594 2775 712 2840 confert,
724 2773 774 2830 sed
790 2774 963 2830 voluntatem
974 2771 1128 2830 efficaciter
1141 2789 1200 2829 non
1214 2769 1288 2827 deler-

103 2872 201 2939 minat'‚
217 2870 288 2929 adeo
301 2882 334 2928 ut
347 2871 453 2929 bonurn
469 2870 537 2928 illud
553 2888 636 2947 opus,
653 2870 687 2928 ad
702 2868 778 2943 quod
793 2868 975 2927 efficiendum
990 2868 1079 2945 gratia
1100 2886 1154 2926 noe
1171 2854 1289 2931 solicitat,

37 3040 41 3049 ι
103 2964 802 3038 mmmnmemMmmmwmffl⁵

138 3066 212 3123 133.
236 3060 376 3119 Calvinus
391 3079 506 3118 omnem
521 3063 618 3137 gratiae
634 3062 738 3119 diuinae
751 3062 797 3119 cui
812 3061 904 3118 resisti
920 3055 1011 3117 valeat
1031 3051 1191 3126 notionem,
1205 3062 1293 3133 utpote

104 3146 1298 3229 wmwmmmmmwmmfflwfflmwfflm

27 3269 32 3277 ·
105 3246 222 3302 “toties
237 3263 254 3300 a
270 3243 482 3318 Chrysostomo
504 3247 655 3320 repetitum
669 3245 810 3321 repudiari
826 3265 944 3305 necesse
958 3257 1012 3312 est,
1027 3246 1123 3312 Quem
1140 3244 1235 3310 trahit,
1256 3258 1297 3299 ro·

49 3354 52 3360 ’
105 3339 210 3400 lentem
226 3339 324 3397 trahit:
340 3358 398 3412 quo
412 3341 538 3399 insinuat
552 3342 709 3400 Dominum
725 3355 853 3420 porrecta
867 3355 1077 3402 tantummono
1092 3352 1255 3419 expectare,
1267 3356 1301 3397 art

109 3455 163 3494 suo
178 3437 284 3494 auxilio
300 3437 396 3514 juvari
410 3438 492 3496 nobis
507 3439 716 3497 adlubescat.”⁰
789 3465 792 3469 ·
851 3452 860 3461 ·

150 3536 216 3591 134.
232 3533 250 3591 J
253 3533 397 3601 ansenius,
408 3536 503 3611 gratiae
515 3535 671 3593 efficaciam
683 3536 838 3594 absolutam
850 3547 881 3593 ut
891 3545 1011 3602 tucatur,
1022 3532 1170 3593 contendit
1177 3547 1302 3610 parvom

109 3631 200 3706 ipsam
213 3630 341 3705 gratiam,
352 3649 414 3701 quae
427 3629 613 3688 delectatione
625 3631 729 3688 carnali
742 3630 875 3707 gradibus
885 3631 1001 3689 inferior
1013 3641 1068 3696 est,
1080 3647 1196 3688 omnem
1210 3643 1302 3704 parere

108 3725 242 3784 effectum
257 3725 290 3781 ad
302 3744 387 3797 quem
399 3725 480 3783 datus
492 3739 545 3793 est,
558 3726 709 3785 excitando
723 3728 834 3785 scilicet
844 3726 984 3785 desideria
998 3736 1026 3783 ct
1036 3736 1156 3784 conatus
1168 3723 1302 3799 quosdam

109 3819 144 3879 ad
159 3820 289 3878 virtutem
302 3839 310 3877 :
333 3821 437 3898 “Ejus
451 3823 546 3898 gratia
559 3822 759 3881 efficacissima
768 3834 866 3882 natura
876 3822 1031 3881 declaratur
1043 3839 1081 3880 ex
1092 3839 1128 3879 eo
1140 3820 1218 3895 quod
1230 3818 1303 3879 nullo

207 4245 370 4312 Augustinus
381 4245 396 4294 l.
407 4246 456 4295 viii.
467 4247 497 4295 de
508 4249 584 4309 gratia
596 4248 720 4300 Christic.
731 4251 757 4300 ii.
1302 4260 1309 4273 ¹

210 4331 273 4380 vra
286 4329 351 4378 near
363 4329 394 4378 aa
404 4329 561 4394 unanimos
571 4333 706 4398 anaspum·
717 4342 734 4384 ι
746 4335 762 4384 r.
773 4350 797 4399 p.
808 4334 865 4394 aaa.
876 4341 901 4386 o
911 4335 977 4398 aug.
986 4334 1053 4400 syo
1064 4332 1163 4384 vanc
1173 4348 1198 4400 a
1208 4332 1233 4382 ιι.
1242 4346 1262 4381 ο.
1269 4328 1283 4379 ι
1288 4314 1302 4395 1

110 4466 113 4475 Δ
210 4415 356 4477 Gemonias,
366 4414 448 4466 ‘raa
456 4417 488 4467 de
499 4418 584 4468 Gratia
595 4417 696 4480 Christi,
707 4418 772 4470 Dias.
784 4420 816 4470 iv.
828 4436 849 4471 c.
860 4420 877 4471 ’a

212 4498 272 4550 lust.
284 4499 300 4548 1.
309 4499 335 4549 ii.
345 4515 367 4559 o.
378 4499 412 4550 iii.
423 4516 448 4552 n.
463 4505 501 4556 1⁰.
