2730 5018
119 273 180 335 set
310 260 314 265 ¹
463 267 521 333 DE
541 269 638 333 utne
658 265 975 333 IUSTIFich'i'E.

57 416 65 424 ’
120 445 203 507 spem
219 425 406 486 credidit—in
420 427 641 504 repromissione
655 424 711 485 Dei
736 445 794 485 non
807 425 948 507 hmitsvit
961 423 1132 490 diffidentia,
1147 417 1201 479 sed
1214 416 1319 483 eonion

121 531 195 580 tstns
205 530 249 579 est
261 520 365 579 fide.'’¹
404 522 484 597 Ergo
497 520 601 578 fiducia
611 529 640 577 ct
652 530 728 577 certa
748 516 972 597 promissionum
986 519 1116 594 acceptio
1128 513 1203 573 fides
1217 523 1270 575 est

161 621 231 674 2³³.
252 615 342 694 Resp.
364 616 408 674 lbi
422 616 457 674 de
471 616 640 675 remissione
651 626 832 690 peccatorum
841 632 900 672 non
911 614 1012 693 agitur,
1022 612 1074 673 sed
1083 611 1120 671 de
1132 609 1213 688 proie
1226 627 1318 669 nume·

122 729 188 769 rosa
196 712 317 770 Abrahae
326 710 478 788 promissa:
494 720 513 747 ¹‘
524 709 632 767 Contra
641 726 722 784 spem
732 703 762 766 in
771 722 853 784 spem
863 701 993 776 credidit,
1005 717 1036 765 ut
1047 700 1131 764 fieret
1140 703 1316 780 paternalis

120 824 184 864 rum
198 808 336 882 gentium.
351 805 509 865 secundum
529 803 605 877 quod
627 802 734 861 dictum
747 816 792 862 est
804 804 850 861 ei:
877 803 927 863 Sic
950 803 1005 861 erit
1023 819 1128 861 nmen
1151 809 1241 857 tuum.
1279 799 1314 859 Iit

121 918 180 959 non
191 901 350 960 infirmatus
364 912 410 959 est
422 901 488 967 fide.
503 919 556 959 nec
571 900 763 958 consideravit
775 917 879 975 corpus
893 916 978 957 suum
993 906 1169 963 emortuum,
1184 913 1249 953 cum
1258 895 1311 971 jin

122 993 180 1052 sere
194 1007 310 1052 ceutom
323 1004 401 1052 esset
413 1013 562 1059 annornm,
576 1002 605 1050 et
617 1005 776 1053 emortuam
790 992 904 1051 vulvam
917 993 1005 1051 Sara.
1047 990 1082 1048 ln
1095 989 1309 1069 repromissione

122 1088 209 1146 edam
223 1089 279 1146 Dei
293 1107 351 1148 non
365 1089 506 1146 hesitavit
518 1087 684 1155 diffidentia.
700 1087 751 1144 sed
772 1087 944 1145 confortetus
965 1095 1010 1144 est
1022 1084 1091 1154 fide,
1106 1083 1180 1143 dans
1205 1083 1309 1162 glorian

122 1181 205 1243 Deo:
227 1183 395 1260 plenissime
409 1184 513 1249 sciens,
529 1184 597 1255 quis
618 1199 806 1255 quecumque
830 1181 970 1257 promisit,
986 1190 1088 1259 potens
1102 1189 1151 1236 est
1171 1188 1200 1236 et
1219 1177 1310 1239 uma.

121 1272 190 1334 Ideo
203 1285 232 1334 et
246 1287 405 1354 reputatum
419 1289 464 1345 est
477 1277 518 1334 ilii
532 1276 567 1334 ad
583 1275 757 1353 justitiam.”
799 1274 887 1335 Fides
908 1276 994 1353 igitur
1012 1273 1310 1333 numeratores

121 1387 171 1427 sus
186 1369 260 1435 Deo,
276 1370 361 1428 nisus
376 1370 439 1446 eJus
453 1371 569 1428 scritate
582 1383 611 1427 et
631 1370 857 1447 omnipotentia:
880 1379 900 1406 ⁸⁸
913 1369 984 1429 Non
1006 1379 1052 1426 est
1068 1378 1166 1427 autem
1186 1367 1312 1445 scriptum

122 1473 231 1520 tentum
246 1475 362 1539 propter
375 1464 481 1539 ipsum,
493 1465 561 1536 quia
574 1475 736 1540 reputatum
749 1475 795 1522 est
804 1463 846 1522 illi
859 1463 896 1523 ad
912 1463 1073 1541 justitiam:
1096 1460 1149 1519 sed
1163 1471 1193 1519 et
1207 1471 1312 1539 propter

18 1576 32 1591 ‘
121 1578 185 1627 nos,
201 1560 304 1633 quibus
318 1561 493 1637 reputabitur
506 1561 686 1619 credentibus
700 1562 731 1619 in
745 1576 813 1627 eum
828 1561 878 1635 qui
892 1559 1040 1619 suscitavit
1052 1556 1156 1617 Jesum
1173 1556 1314 1623 Christum
1358 1560 1360 1571 '

121 1653 279 1714 Dominum
294 1666 424 1714 nostrum
438 1656 633 1715 amortuis.”¹
672 1654 760 1714 Fides
773 1665 871 1715 nostra
884 1655 982 1713 nititur
991 1671 1107 1729 quoque
1122 1652 1179 1712 Dei
1193 1653 1315 1730 omnipo-
1358 1668 1360 1733 j

121 1750 218 1818 tentio.
234 1768 298 1823 qua
312 1752 343 1809 in
357 1750 475 1810 Christo
496 1753 664 1810 resuscitato
677 1752 856 1811 manifestata
869 1760 923 1809 est.
964 1751 1187 1826 Argumentatur
1199 1750 1315 1826 Aposto-

120 1844 166 1903 lus
181 1863 218 1903 ex
232 1863 267 1902 eo
279 1844 357 1918 quod
365 1846 487 1904 Abrahoe
501 1846 573 1904 tides
584 1846 655 1905 adeo
669 1847 753 1904 fuerit
765 1845 927 1922 Deograta‚
940 1855 973 1903 ut
984 1844 1075 1903 meriti
1084 1844 1150 1903 loco
1163 1843 1317 1913 habentur,

122 1956 175 1996 nos
191 1957 305 2011 quoque
327 1950 422 2014 gratos
441 1950 470 1996 et
491 1951 623 2016 acceptos
645 1939 801 2007 habendos,
822 1941 847 1996 si
862 1945 923 2015 pari
949 1939 1080 1997 firmitate
1101 1936 1159 1996 Dei
1173 1934 1316 1996 credamus

122 2034 298 2090 revelationi.
342 2033 411 2091 Non
439 2045 506 2092 tunc
532 2035 620 2110 coepit
638 2035 782 2092 Abraham
801 2052 866 2093 esse
885 2035 1007 2110 justus,⁸
1020 2032 1072 2090 sed
1094 2033 1211 2110 agnitus
1234 2041 1276 2089 est
1293 2042 1318 2090 et

121 2136 265 2194 ostensus,
283 2138 313 2185 et
323 2129 405 2186 novis
420 2130 529 2185 meritis
538 2118 662 2187 suctus.¹

162 2225 234 2279 224.
258 2221 325 2300 ooj.
340 2227 369 2280 3.
392 2221 537 2281 credendi
548 2241 605 2282 vox
620 2225 789 2300 plerumque
797 2222 931 2281 fiduciam
939 2222 1054 2281 denout
1065 2223 1096 2281 in
1111 2222 1320 2299 scripturis:-

123 2324 143 2351 ⁴¹
153 2315 269 2374 Credite
284 2317 315 2374 in
327 2317 454 2376 Domino
469 2317 533 2377 Deo
548 2332 651 2386 vestro,
667 2329 696 2376 et
708 2321 802 2377 securi
816 2318 941 2377 eritis.’¹⁴
981 2329 1001 2356 ‘⁴
1012 2317 1119 2379 Omnia
1134 2336 1318 2393 quecumque

123 2422 236 2468 orantes
264 2413 370 2487 petitis,
391 2413 496 2470 credite
519 2415 587 2485 quia
607 2415 766 2491 accipietis,
788 2425 817 2473 et
839 2416 972 2475 evenient
993 2415 1122 2475 vobis.'’⁸
1164 2414 1320 2495 “Postulei

122 2515 216 2564 sutem
232 2506 262 2565 iu
276 2506 343 2574 tide,
357 2507 429 2564 nihii
443 2507 627 2566 haesitans.”⁸

163 2604 231 2658 335.
253 2599 343 2678 Rasp.
365 2602 484 2660 Fiducia
511 2622 587 2680 sepe
615 2605 704 2663 oritur
727 2623 765 2662 ex
788 2604 854 2672 fide,
880 2615 911 2662 et
929 2603 1064 2663 credendi
1091 2604 1263 2663 vocabulum
1287 2604 1318 2662 ad

125 2704 273 2766 utramque
288 2696 502 2770 exprimendam
518 2697 682 2756 adhibetur:
705 2712 836 2757 ceterum
858 2699 926 2758 dum
942 2699 1033 2774 agitur
1046 2696 1081 2754 ds
1100 2697 1157 2755 fide
1172 2696 1210 2755 ad
1220 2697 1318 2773 justiti·

123 2790 265 2847 cntionem
281 2789 462 2866 disponente,
478 2811 612 2850 assensus
627 2794 758 2850 revelatis
774 2795 938 2852 veritatibus
953 2794 1092 2868 imprimis
1105 2791 1266 2858 denotatur,
1277 2792 1320 2848 cui

125 2886 259 2943 accedere
274 2887 357 2943 debet
372 2887 476 2944 fiducia
490 2890 518 2945 in
533 2887 589 2945 Dei
605 2890 805 2946 misericordia.
848 2891 921 2946 Haec
942 2901 1037 2947 autem
1051 2889 1180 2946 absoluta
1194 2898 1318 2954 nonest,

126 2981 171 3037 vei
185 2983 279 3038 omnis
296 2981 455 3038 formidinis
477 2983 623 3050 immunis,
643 2984 678 3040 de
701 2995 797 3042 nostra
818 2985 896 3042 enim
919 2985 1081 3042 infirmitate
1098 2994 1128 3042 et
1154 2983 1319 3059 indignitate

124 3074 271 3139 humiliter
284 3076 464 3133 sentiendum
480 3088 533 3133 est.
574 3078 713 3153 iosaphat
727 3079 804 3136 viros
826 3078 902 3136 Juda
923 3088 951 3137 et
966 3079 1135 3137 habitatores
1160 3078 1318 3136 Jerusalem

125 3169 253 3226 hortatus
269 3183 322 3235 est.
345 3183 375 3226 ui
389 3173 522 3227 vaticinio
536 3172 676 3240 Jahaziei,
692 3171 727 3228 de
742 3172 839 3230 divino
855 3174 962 3232 auxilio
976 3174 1004 3231 in
1018 3175 1126 3250 proelio,
1141 3175 1230 3232 fidem
1245 3173 1318 3233 adhi·

124 3263 275 3327 borentot
299 3265 328 3319 in
354 3265 479 3321 Domino
502 3285 617 3323 omnem
639 3280 808 3342 reponerent
831 3269 976 3338 fiduciam,
998 3271 1177 3346 snbjungens
1200 3271 1236 3328 iis
1259 3288 1319 3342 quer

125 3356 235 3429 objecta
250 3369 315 3412 sunt
330 3359 440 3414 verbis:
465 3370 483 3394 ‘⁶
494 3361 598 3416 credite
614 3363 760 3437 prophetis
772 3364 845 3439 ejus.
860 3380 889 3422 et
901 3377 1003 3423 cuncta
1013 3367 1147 3423 evenient
1154 3364 1322 3441 prospera.”

127 3449 260 3507 Christus
284 3453 319 3509 ad
342 3466 446 3510 certam
475 3455 618 3523 fiduciam,
640 3476 740 3535 preces
761 3469 871 3516 nostras
892 3459 1125 3528 audierimus
1147 3459 1319 3528 adhortator,

160 3660 202 3723 (1)
222 3660 293 3709 Rom.
301 3661 332 3710 iv.
345 3663 430 3722 18,20.

159 3745 199 3807 (a)
218 3744 250 3791 v.
262 3746 302 3792 aa.

161 3825 203 3886 (3)
218 3831 232 3854 “
241 3825 366 3875 Eaverba:
379 3832 402 3877 et
411 3835 556 3895 reputatum
565 3837 600 3882 est
609 3831 648 3882 iiis·
654 3832 832 3900 adjustitiam,
845 3850 895 3883 non
906 3833 1009 3898 possunt
1020 3836 1067 3885 hoc
1078 3837 1131 3886 ioco
1142 3837 1172 3885 de
1183 3837 1264 3901 prims
1271 3838 1323 3903 jus·

124 3906 256 3957 tificatione
268 3910 377 3972 intelligi,
385 3928 458 3974 quam
470 3916 593 3966 Abraham
601 3920 654 3982 jum
665 3926 811 3968 wnseeutus
821 3926 873 3967 ersi
883 3920 960 3969 moito
971 3928 1043 3969 antea
1054 3937 1128 3984 quam
1136 3921 1236 3970 seminis
1247 3922 1325 3972 samri

124 3994 336 4057 repromissionem
354 3997 496 4061 acciperet.”
531 4003 669 4065 Gauzaniga
687 4005 717 4052 de
728 4004 812 4065 gestis,
832 4018 856 4066 p.
873 4004 898 4052 ii.
915 4005 971 4054 diss.
983 4006 1041 4064 iic.
1052 4007 1077 4056 ii.
1088 4023 1114 4056 n.
1126 4009 1166 4056 53.
1201 4014 1216 4039 ⁴⁴
1225 4007 1324 4057 Hebraei
1342 4043 1349 4056 .

124 4084 216 4127 veteres
232 4093 327 4140 semper
348 4082 477 4140 cogiundo
488 4089 670 4151 conjungebant
681 4087 1002 4151 neumnensium
1019 4092 1077 4143 hinc
1090 4103 1199 4188 φη
1208 4107 1279 4142 nnnc
1287 4099 1326 4141 est

1129 4173 1143 4198 r
1157 4171 1172 4196 7
1186 4174 1195 4202 8

122 4209 352 4361 ἰιοξιέιῖοςιιξίυως
364 4226 430 4343 usgue
439 4213 471 4273 id,
480 4218 545 4278 quod
552 4220 650 4284 premio
659 4221 830 4283 estdisnurn'’
847 4229 1016 4281 Rmnmniier
1026 4225 1054 4277 in
1062 4244 1083 4279 c.
1091 4227 1124 4282 iv.
1130 4244 1155 4277 v.
1162 4229 1185 4276 3.
1193 4241 1232 4292 op.
1248 4224 1325 4275 Rom

224 4297 236 4341 1
288 4309 374 4342 ccxx.
402 4298 426 4344 0.

159 4376 201 4440 (5)
222 4377 296 4426 Marc
308 4377 342 4425 xi.
353 4379 394 4426 24.

157 4459 197 4516 (6)
215 4458 326 4527 iacobi-i.
339 4462 362 4508 6.
