2730 5018
121 272 178 371 ¹³3⁴
439 228 523 373 „foa
539 205 709 333 ¹Jusruu
731 266 986 333 seurenrn.
1073 216 1078 226 ’

117 406 198 485 hec:
220 418 365 487 Dominari
383 426 530 503 regnavit3
552 427 708 484 irascantur
730 425 848 503 populi:
871 428 919 498 qui
935 425 1016 485 sedet
1036 443 1124 502 super
1145 420 1321 490 Cherubim,
1358 504 1363 519 Ι

118 531 330 580 commoveatur
343 533 415 578 terra
417 561 556 579 .....
581 521 715 578 Exaltate
731 520 889 580 Dominum
904 520 998 578 Deum
1011 531 1192 588 contremet
1206 519 1322 576 adorato

28 675 32 695 ,
118 616 270 674 scabellum
285 614 389 692 pedum
404 615 478 689 ejus,
492 615 629 688 quoniam
650 626 764 672 sanctus
788 626 841 673 est.
886 616 1009 690 Moyses
1024 625 1053 672 et
1073 617 1169 701 horon
1184 614 1214 670 in
1229 629 1321 669 sacen
1360 620 1363 631 ’

117 710 230 771 dotibus
244 714 324 790 ejus:
347 723 376 769 et
387 711 504 769 Samuel
516 712 589 768 inter
603 730 653 769 eos
669 713 719 784 qui
733 701 986 770 invocant'nomen
1000 711 1075 788 ejus.
1091 750 1099 769 .
1122 751 1130 768 .
1154 749 1163 767 .
1186 708 1320 767 Exaltate

115 806 276 866 Dominum
301 807 397 865 Deum
421 815 560 873 nostrum,
582 817 611 863 et
631 806 744 864 adorate
769 808 799 863 iu
823 820 919 864 monte
943 816 1042 864 saneto
1066 807 1147 882 ejus:
1181 803 1318 878 quoniam

117 913 232 968 sanctus
244 903 390 962 Dominus
410 903 491 961 Deus
512 901 642 961 noster.'’
683 903 792 984 Liquet
807 903 870 961 haec
890 903 925 962 de
947 922 1014 961 vero
1028 903 1093 961 Deo
1107 901 1241 978 intelligi,
1256 919 1320 973 quae

117 1000 152 1057 de
167 999 285 1059 Christo
300 1000 423 1077 explicat
436 999 586 1057 Justiuus:
608 998 728 1076 proinde
742 1019 779 1059 ex
793 1001 855 1077 ejus
871 1003 1010 1058 sententia
1025 999 1158 1058 Christus
1179 1009 1225 1056 est
1236 1014 1320 1057 verus

118 1097 251 1156 Deus..
1361 1158 1363 1171 ¹

100 1187 107 1197 ⁸
160 1195 226 1251 192.
249 1191 327 1251 citat
341 1192 447 1252 Psaltis
462 1193 556 1262 verba,
572 1211 635 1266 quae
649 1192 684 1251 de
700 1193 818 1252 Christo
832 1138 973 1269 explicat·
998 1202 1089 1250 “aute
1101 1192 1191 1250 solem
1208 1208 1363 1269 perman

117 1298 166 1346 net
180 1296 285 1347 nomen
300 1289 425 1365 ejus..
449 1289 654 1347 Benedictus
669 1289 812 1347 Dominus
827 1288 908 1346 Deus
920 1287 1020 1347 Israel
1022 1287 1044 1314 '⁹
1084 1287 1155 1345 Inde
1170 1302 1361 1363 argumem·

116 1393 207 1441 tatur:
231 1393 251 1420 66
263 1383 337 1441 Aliis
352 1386 436 1442 etiam
451 1402 489 1442 ex
503 1384 596 1441 verbis
612 1386 716 1461 pariter
730 1383 879 1451 altavide,
891 1394 923 1441 ut
936 1402 1022 1460 supra
1036 1383 1106 1448 dini,
1119 1381 1321 1460 pronuntiatis,
1357 1416 1363 1459 1

117 1479 242 1538 futurum
267 1479 368 1549 fuisse,
383 1490 415 1538 ut
436 1498 581 1539 esummo
604 1480 674 1539 caelo
698 1480 924 1557 progrederetur,
939 1480 1063 1556 ejusque
1082 1480 1111 1535 in
1130 1476 1322 1539 eademlooa
1359 1514 1363 1553 -;

117 1573 235 1631 indicari
245 1574 365 1634 reditum
375 1575 580 1643 recordamini;
592 1584 623 1633 ut
634 1575 715 1633 illum
725 1588 753 1632 et
762 1575 855 1634 Deum
867 1595 883 1631 a
893 1573 963 1632 caelo
975 1573 1320 1680 prodiisse,ethominem
1357 1642 1363 1649 ἱ

116 1672 189 1729 inter
209 1671 342 1729 homines
365 1672 470 1730 sactum
493 1691 557 1729 esse
572 1673 743 1749 agnoscatis,
769 1693 801 1730 ac
816 1690 912 1730 rursus
934 1670 1131 1739 adventurum,
1156 1689 1243 1742 quem
1257 1668 1322 1742 qui·

116 1765 182 1825 dem
193 1765 341 1834 videbunt,
353 1776 382 1823 et
398 1766 541 1842 plangent,
557 1769 607 1838 qui
621 1766 701 1824 illum
717 1765 930 1844 pupugerunt?
934 1766 1117 1820 ’tenuem
1134 1765 1226 1828 deense
1236 1777 1324 1833 necet·

114 1870 200 1925 δοντα,
220 1884 263 1916 και
281 1862 442 1932 ἆνὲρωπονέν
453 1862 721 1933 ἄνδρωποιςγενομενον
731 1867 884 1934 pecoraque!

160 1961 226 2016 193.
249 1957 410 2034 Objiciente
422 1957 583 2034 Tryphone
596 1957 690 2015 Deum
701 1978 806 2017 nomen
816 1978 899 2017 suum
910 1974 939 2016 et
949 1957 1069 2036 gloriam
1081 1957 1159 2014 alteri
1170 1974 1229 2014 non
1241 1954 1323 2025 dare,

116 2055 246 2132 probavit
257 2073 298 2111 ex
311 2054 425 2130 objecto
438 2054 584 2130 prophete
599 2055 681 2112 Isaiae
696 2057 770 2125 loco,
783 2057 853 2114 illud
864 2056 900 2114 de
913 2055 1094 2132 sculptilibus
1107 2055 1267 2131 presertim
1279 2055 1322 2112 iu·

117 2150 218 2226 telligi,
236 2166 325 2221 quum
338 2150 379 2206 ibi
390 2148 517 2206 declaret
530 2149 611 2206 Deus
626 2149 724 2207 “sese
732 2152 759 2208 ei
771 2170 857 2223 quern
866 2151 1014 2209 constituit
1027 2150 1056 2207 in
1069 2150 1163 2207 lucem
1175 2151 1362 2231 gentium,'

117 2262 171 2302 nee
182 2244 236 2301 ulli
250 2240 342 2310 alteri,
355 2242 475 2321 gloriam
489 2240 639 2300 daturum:
632 2244 662 2276 ·''
666 2247 677 2277 ²
691 2247 837 2320 scripturae
853 2246 960 2321 quippe
976 2253 997 2280 “
1007 2243 1156 2301 Christum
1171 2244 1363 2322 conceptis:

116 2340 211 2398 verbis
225 2339 402 2416 passibilem,
416 2350 445 2397 et
459 2337 644 2405 adorandum,
659 2352 688 2397 ct
708 2341 802 2398 Deum
818 2342 1031 2399 demonstrant:
1024 2339 1098 2378 ·’‘’³
1085 2363 1112 2394 cs
1130 2345 1261 2412 δωρῥηδην
1279 2356 1363 2411 cce

116 2443 208 2505 Χριςον
226 2457 271 2489 arce
290 2443 401 2504 παᾷητον
417 2456 462 2488 aros
479 2450 643 2504 uponxuvnrov
661 2459 704 2489 soc
724 2444 777 2490 θεον
796 2432 974 2492 taceremne.
1015 2435 1063 2495 Id
1073 2437 1176 2494 iterum
1200 2435 1356 2493 affirmet

118 2530 265 2606 deinceps,
281 2529 430 2604 inculpans
444 2527 572 2595 Judaeos,
589 2528 700 2600 quod“
713 2531 864 2605 permultas
880 2532 1053 2608 Scripturas,
1074 2550 1110 2589 ex
1130 2532 1236 2604 quibus
1260 2548 1363 2611 ρετ·1

118 2624 218 2701 spicue
232 2623 330 2680 huuc
322 2640 429 2698 ipsum,
445 2623 495 2693 qui
508 2640 585 2678 cruci
577 2621 704 2679 affixus
719 2623 781 2691 suit,
798 2635 826 2681 et
841 2624 948 2692 Deum,
965 2635 993 2683 et
1012 2625 1172 2692 hominem,
1187 2635 1216 2681 et
1230 2624 1321 2681 cruci·

116 2723 220 2797 lixum,
235 2732 264 2779 et
278 2721 446 2778 morientem
460 2719 643 2795 predicatum
659 2738 724 2777 esse
738 2721 957 2790 demonstratur,
972 2724 1091 2781 omnino
1105 2726 1140 2781 ab
1161 2723 1205 2780 eis
1218 2741 1258 2779 ex
1272 2721 1322 2780 illa
1361 2720 1363 2725 ’

114 2800 359 2892 interpretatione,
375 2832 460 2887 quam
474 2832 559 2870 senes
574 2812 649 2890 apud
664 2815 854 2873 Ptolomaeum
870 2816 1049 2886 adornarunt,
1065 2815 1171 2874 deletas
1187 2818 1277 2875 fuisse
1288 2817 1320 2874 :’'

119 2912 144 2973 εξ
163 2914 195 2968 ὧν
215 2914 342 2980 διαρρηδην
361 2913 416 2972 ἔτος
432 2910 530 2973 ἆυτοςὸ
548 2918 694 2979 στσωρωὲεις
713 2914 753 2965 ὅτι
773 2920 832 2975 deor,
844 2917 887 2966 καί
902 2922 1033 2983 αωὲρωπος,
1050 2935 1093 2968 xor
1111 2932 1260 2983 ςαυρεμενος,
1279 2936 1323 2968 κω
1344 2896 1346 2906 Ι

119 3001 277 3066 ἀποδνησκων
288 3019 463 3067 κεκηρνγμενος
473 2997 668 3052 detodetxvurce·⁸
679 3033 686 3048 ·
698 3035 705 3048 ·
717 3035 724 3049 ·
737 3034 744 3048 ·
756 3006 807 3052 Και
824 3005 904 3065 Δαβιδ
918 3037 924 3050 ·
936 3037 943 3052 .
954 3037 961 3052 .
977 3002 1030 3055 θεοίΙ
1042 3007 1138 3071 ἰσχνρον
1148 3025 1192 3056 zos
1203 3013 1323 3072 repom
1346 3064 1351 3069 ,

119 3110 188 3162 eros,
199 3098 291 3159 Χριςον
303 3093 502 3158 decantatores
543 3100 562 3127 66
573 3091 667 3150 David
682 3111 747 3150 eum
763 3096 812 3165 qui
828 3095 962 3152 Christus
977 3107 1021 3152 est
1043 3115 1164 3154 rourum
1183 3097 1279 3155 Deoua
1294 3108 1325 3155 et

120 3185 296 3245 adorandum
311 3184 535 3242 manifestavit.''
562 3187 601 3244 Ei
616 3176 788 3264 “scriptum
804 3201 848 3246 est
862 3191 977 3267 angelos
993 3193 1170 3259 ministrare3
1186 3193 1325 3265 quemad-

122 3284 240 3342 modum
255 3282 294 3339 ait
307 3280 422 3347 Daniel,
437 3299 503 3339 eum
518 3293 663 3356 tamquam
678 3285 768 3343 filium
784 3286 909 3346 hominis
924 3288 959 3344 ad
980 3289 1127 3361 antiquum
1141 3290 1254 3347 dierum
1275 3289 1325 3348 ad·
1351 3324 1355 3331 ·

42 3376 55 3399 Χ
123 3380 198 3448 duci,
213 3379 297 3450 cique
312 3394 430 3453 regnum
445 3395 531 3435 omne
545 3377 604 3436 dari
618 3380 647 3437 in
662 3381 797 3439 sacculum
813 3383 1015 3452 saecutist’tmpt
1037 3387 1062 3437 tv
1082 3388 1203 3439 temo
1216 3408 1327 3456 γεγραμ-

123 3499 189 3547 μενοι
207 3492 266 3530 εισιν
281 3472 423 3543 ὁιόιγγελοὶ.

165 3566 232 3622 194.
246 3559 319 3618 Haec
328 3569 402 3616 certe
409 3561 562 3618 ostendunt
569 3561 715 3620 Justinum
725 3564 871 3622 censuisse
880 3563 1029 3623 Christum
1035 3583 1100 3623 esse
1109 3584 1208 3624 verum
1216 3565 1327 3633 Deum,

125 3676 239 3721 summo
253 3656 330 3714 cultu
344 3654 473 3732 dignum,
488 3667 516 3713 et
530 3659 660 3730 quamvis
674 3679 691 3716 a
707 3660 791 3717 Patre
807 3679 871 3717 vere
892 3660 1067 3730 distinctum,
1081 3661 1204 3720 eundem
1219 3662 1327 3723 nihilo·

122 3758 220 3815 nunus
235 3753 349 3810 Deum:
372 3769 427 3831 nec
441 3752 518 3810 enim
531 3752 602 3810 duos
614 3756 729 3828 agnovit
738 3755 807 3813 deos
821 3756 924 3814 divinae
936 3755 1108 3816 monarchiae
1120 3760 1327 3819 strenuusvin·

125 3853 193 3911 dex.
215 3850 295 3926 Ergo
306 3849 383 3906 idem
393 3849 484 3907 sensit
492 3869 525 3907 ae
540 3850 653 3909 Nicaeni
665 3864 769 3928 patres,
780 3855 910 3925 quamvis
925 3871 984 3911 non
996 3854 1176 3934 eademgvoee
1189 3874 1272 3916 suam
1288 3855 1327 3916 de

123 3948 244 4006 Christo
257 3944 344 4004 fidem
359 3947 557 4004 enuntiaverit.
578 3948 683 4020 Liquet
694 3948 767 4006 hanc
777 3949 866 4006 luisse
882 3968 1064 4008 communem
1080 3953 1164 4009 totius
1180 3932 1345 4013 Eoolesiae'

125 4042 291 4107 doctrinam,
307 4058 392 4113 qnam
407 4042 470 4116 ipse
484 4042 634 4117 amplexus
648 4058 702 4111 eet,
718 4064 733 4101 a
747 4062 816 4100 sene
831 4063 916 4116 quern
930 4057 1068 4104 memorat
1081 4047 1209 4116 edoctus,
1222 4067 1337 4122 quum.

126 4157 181 4213 que
195 4146 291 4196 eontra
304 4135 497 4212 Tryphonem
511 4138 673 4206 vindicavit,
685 4151 715 4196 ut
728 4140 756 4196 ei
769 4139 900 4197 suaderet
912 4142 1006 4217 ipsam
1021 4143 1132 4219 ingredi
1145 4143 1324 4213 Ecclesiam,

1353 2488 1363 2541 -ι-
1350 2386 1363 2443 aa—
1346 2292 1363 2369 ’τά
1353 2192 1363 2265 ἥρ-..

1360 4274 1363 4308 v

193 4371 229 4430 (1)
247 4363 313 4417 Dial.
325 4380 382 4414 cum
393 4363 536 4428 Tryphone,
548 4382 573 4416 n.
586 4369 625 4416 64.
638 4385 661 4434 p.
676 4372 732 4420 174.
825 4379 835 4388 ”
1001 4374 1038 4435 (4)
1056 4372 1091 4422 N.
1103 4375 1142 4423 76.
1155 4389 1179 4438 p.
1191 4344 1250 4424 2116.
1303 4377 1314 4394 ’

192 4457 230 4514 (2)
247 4451 336 4530 N·⁶⁵·.
351 4452 444 4583 1³4⁷&
1002 4459 1039 4519 (u)
1058 4457 1092 4509 N.
1110 4460 1151 4507 re.
1162 4473 1186 4523 p.
1198 4461 1258 4507 ars.
1360 4446 1363 4463 ¹

327 4537 364 4598 (a)
409 4536 504 4599 ,rep
517 4535 573 4584 194.
1210 4564 1217 4572 .
