2744 5024
303 296 360 359 DE
383 295 507 360 BONIS
528 293 736 358 ornemus
758 295 1044 360 sructsutuue
1217 300 1275 361 389

114 458 186 513 526.
208 455 266 513 His
280 455 315 514 de
329 457 412 515 bonis
426 456 561 532 operibus
575 454 749 532 disceptatis,
764 456 851 514 linctu
864 432 979 515 hiidem
991 452 1142 528 aliquando
1156 453 1224 512 huic
1237 453 1274 513 de

73 552 166 627 gratia
179 553 307 610 tractatui
321 551 485 629 ponendum
510 550 656 608 duximus.
697 549 743 608 De
764 551 874 608 arcanis
895 551 951 608 Dei
971 569 1025 610 nec
1046 551 1198 610 dicendum
1219 569 1273 608 uec

74 648 260 724 cogitandum
274 649 432 733 curiosius3
444 646 494 706 sed
510 666 584 720 que,
595 647 726 706 Ecclesia
740 646 871 714 docente,
880 648 1003 706 revelata
1012 649 1155 717 novimus,
1171 647 1273 715 humili

74 744 163 805 animi
175 764 295 804 assensu
305 743 485 821 excipienda,
500 753 529 802 et
541 762 651 829 capuae
661 746 750 822 jussit
762 744 907 821 implenda
921 744 1020 804 seduld
1035 757 1111 814 suut,
1126 764 1180 805 neo
1193 745 1273 804 dubi·

74 839 191 899 tandum
207 860 273 900 eum
287 841 370 900 nobis
384 843 444 898 fore
464 834 630 916 propitiu'm.
672 839 816 899 Orationis
838 841 996 918 praesertim
1017 842 1180 902 assiduitate
1194 843 1272 900 salus

75 949 172 994 nostra
186 938 217 994 in
231 947 291 995 tuto
302 935 524 1035 poneturkquod
539 937 617 994 enim
631 931 848 995 haud'vslemus
866 938 1012 1014 perficere,
1022 939 1167 1015 prestabit
1179 937 1271 1005 Deus,

75 1033 208 1091 virtutem
223 1052 303 1092 suam
319 1035 347 1090 in
370 1033 531 1091 infirmitate
556 1042 653 1090 nostra
672 1033 829 1091 roboranda
848 1043 1026 1092 ostensurus.
1067 1034 1208 1093 Desinant
1222 1034 1273 1092 ho·

75 1131 168 1188 mines
184 1143 287 1188 aeterua
299 1126 362 1207 ejus
377 1130 497 1188 consilia
509 1130 636 1198 somtari
648 1141 676 1187 et
685 1141 774 1188 totum
788 1130 1111 1208 insoponautstudium
1124 1142 1155 1189 ut
1164 1131 1272 1190 orando

74 1227 228 1302 impetrent
254 1227 392 1284 auxilium
416 1244 474 1299 quo
498 1226 598 1283 salutis
621 1225 799 1286 conditiones
821 1227 941 1304 implere
969 1228 1090 1286 valeant.
1133 1224 1271 1287 Dicamus

76 1339 191 1399 semper
205 1341 271 1380 cum
286 1323 444 1399 Apostoloz
468 1332 488 1359 ⁸⁶
498 1322 527 1381 0
542 1322 660 1381 altitudo
674 1323 835 1382 divitiarum
850 1325 995 1401 sapientia
1011 1336 1044 1384 et
1052 1326 1179 1385 scientie
1194 1325 1269 1385 Dei:

75 1437 160 1490 quam
177 1418 476 1494 incomprehensibilia
490 1427 557 1475 sunt
566 1417 674 1493 judicia
688 1418 761 1493 ejus,
774 1428 802 1474 et
813 1419 1024 1495 iurntigabiles
1039 1421 1091 1477 viae
1106 1422 1169 1496 ejus
1180 1420 1224 1479 !''¹

113 1517 184 1573 527.
206 1513 344 1580 Quamvis
356 1513 426 1571 nulli
441 1512 546 1570 scholae
558 1511 719 1570 necessarid
730 1531 783 1571 uos
798 1511 925 1572 addictos
936 1513 1129 1589 profiteamur,
1139 1515 1168 1571 iu
1182 1514 1271 1572 haere·

75 1611 195 1669 ticotum
210 1607 354 1666 solvendis
368 1608 576 1684 objectionibus
586 1608 711 1680 qualibet
723 1609 862 1668 sententia
872 1608 1011 1668 catholica
1021 1611 1061 1667 uti
1076 1608 1162 1668 licere
1173 1610 1271 1671 existi·

74 1707 226 1764 masimus.
268 1704 368 1763 Placet
386 1706 469 1763 nobis
490 1704 600 1762 celebre
615 1705 767 1781 Augustini
782 1705 917 1764 effatum:
939 1704 976 1764 lu
990 1707 1191 1765 necessrium*
1202 1724 1270 1764 uur-

75 1821 138 1876 τις,
151 1821 185 1860 1u
197 1819 295 1860 nuens
307 1819 462 1867 sisennus,
474 1819 507 1858 irs
519 1818 648 1859 obsumus
663 1819 796 1858 ciuiuus.
838 1800 961 1868 Quodsi
975 1801 1083 1875 aliquid
1096 1803 1179 1860 nobie
1193 1803 1270 1860 exci-
1354 1821 1360 1829 ·

76 1899 155 1967 derit,
174 1901 203 1955 in
219 1915 248 1954 re
262 1896 334 1954 adeo
349 1896 469 1964 difficili,
485 1896 560 1969 quod
582 1914 658 1953 sane
672 1882 807 1954 doctrirlre
828 1896 903 1954 haud
925 1899 1266 1985 consonum‘reperiatur,

77 1994 248 2070 Apostolicoe
260 1991 474 2067 Sedisjudicio,
488 1991 556 2050 illud
571 2000 733 2049 revocatum
745 1991 907 2051 habendum
918 1993 989 2050 erit:
1012 2011 1075 2066 quae
1089 1995 1167 2051 enim
1181 1994 1269 2070 scrip-

77 2091 176 2157 simus,
192 2089 266 2145 sicut
280 2100 308 2145 et
322 2107 385 2161 quaa
401 2106 500 2145 sumus
516 2087 658 2162 scripturi,
679 2105 793 2145 summo
808 2087 849 2144 illi
864 2087 988 2164 presuli,
1001 2089 1060 2161 qui,
1076 2089 1155 2147 Petri
1176 2089 1269 2148 cathe-

78 2185 160 2244 dram>
177 2196 288 2252 lenem,
304 2184 371 2242 fidei
392 2186 455 2261 ejus
475 2184 567 2243 heres
588 2184 779 2252 constituitur,
801 2202 838 2242 ex
852 2185 948 2244 animo
962 2186 1141 2262 subjicimus,
1158 2186 1283 2272 nullum!

78 2283 165 2358 majus
180 2281 364 2358 privilegium
378 2280 461 2338 nobis
476 2279 665 2348 vindicantes,
687 2272 777 2353 quai·
788 2280 856 2340 fidei
870 2280 1000 2360 ejusdem
1014 2290 1043 2341 et
1059 2283 1269 2345 communionis

79 2379 258 2439 consortium.
270 2386 274 2393 '

471 2533 511 2597 (p)
531 2531 602 2581 Boni.
613 2531 647 2582 xi.
658 2535 698 2582 3³.
