2744 5024
580 267 803 327 aerenum.
944 228 950 248 '
1216 268 1287 324 -aoo

125 419 277 482 Cunus
291 421 357 492 XL,
373 405 584 499 propositiones
602 428 655 481 101
668 432 818 500 excerptas
832 441 870 480 ex
891 421 979 482 Libro
992 421 1181 482 reflexionem
1196 437 1288 485 moror

86 517 173 586 lium,
192 519 340 578 damnavit
359 520 559 581 constitnfl’one
586 517 778 597 unigenitos,
798 519 863 578 data
886 517 933 577 die
954 524 973 576 8
998 518 1079 595 Sept.
1100 536 1177 577 anno
1200 520 1286 575 178³.

90 611 243 674 vafritiem
258 616 392 683 auctoris,
414 615 573 684 Quesnetti,
586 615 636 689 qui
657 615 832 673 dulcissimis
854 613 947 672 verbis
968 615 1101 691 pietatem
1123 612 1288 673 sonantibus

87 707 297 770 Jausenianum
308 729 452 770 venenum
464 710 730 779 insinuarestuduit,
740 707 1306 787 exponitPontilexiudseretiexordior.

87 805 167 875 quod
182 806 335 864 lectoribus
350 808 528 884 subjicimus.

460 905 664 979 crunnus
691 918 921 978 nrrscorus

503 1035 612 1074 saevus
633 1034 787 1074 servorun
808 1033 870 1073 nur.

152 1107 307 1169 Universis
324 1109 573 1188 Obristifidelibus
587 1110 714 1170 odotem
729 1114 755 1183 dr
769 1109 971 1189 Apostolicom
984 1109 1223 1169 benedictionem.

128 1223 301 1300 Unigenitns
327 1224 384 1283 Dei
398 1224 489 1283 Filius
504 1245 555 1302 pro
570 1235 665 1284 nostra
678 1225 709 1282 dt
723 1227 808 1284 totius
830 1225 929 1285 muudi
951 1224 1041 1284 salute
1062 1224 1138 1283 filius
1159 1223 1293 1282 hominis.
1311 1194 1322 1211 ”

89 1319 191 1387 factus,
216 1319 285 1379 dum
311 1320 467 1397 discipulos
488 1310 557 1379 suos
578 1322 706 1380 doctrina
732 1323 857 1379 veritatis
878 1322 1038 1390 instrueret,
1067 1322 1286 1392 universamque

88 1415 252 1473 Ecclesiam
272 1435 352 1474 suam
382 1418 412 1474 iu
432 1417 579 1494 Apostolis
607 1416 739 1484 erudiret,
762 1416 913 1491 praesentia
939 1414 1107 1490 disponens,
1134 1415 1164 1473 ds
1191 1417 1285 1473 lutura

88 1511 277 1588 prospiciens,
289 1513 424 1589 praeclaro
435 1533 468 1572 ac
482 1513 667 1571 saluberrimo
676 1512 847 1572 documento
862 1528 915 1568 nos
929 1510 1076 1568 admonuit
1085 1521 1116 1568 ut
1128 1510 1284 1569 attendere·

87 1626 151 1666 mus
166 1629 183 1666 a
196 1609 275 1666 falsis
290 1609 447 1686 prophetis,
463 1611 512 1683 qui
527 1610 644 1668 veniunt
664 1608 700 1667 ad
720 1627 773 1667 nos
795 1609 824 1666 in
846 1607 1022 1665 vestimentis
1037 1607 1145 1675 ovium,
1160 1624 1281 1680 quorum

89 1704 205 1761 nomine
221 1704 402 1780 potissimum
417 1704 646 1763 demonstrantur
658 1705 786 1781 magistri
799 1703 842 1762 illi
851 1701 1014 1769 mendaces,
1027 1702 1058 1760 dn
1072 1702 1102 1759 in
1116 1682 1284 1778 ddceptione

76 1797 228 1866 illusores,
244 1799 293 1871 qui
307 1799 457 1875 splendida
469 1801 582 1876 pietatis
596 1800 693 1876 specie
713 1817 799 1876 praua
813 1796 945 1873 dogmata
957 1797 1076 1854 latenter
1094 1797 1282 1860 insinuantes,

87 1891 269 1951 introducunt
283 1903 374 1951 sectas
383 1882 551 1970 perditionis
560 1895 613 1951 snb
626 1895 750 1970 imagine
760 1891 927 1960 sanctitatis,
937 1900 1024 1964 utque
1038 1891 1149 1949 facilius
1162 1891 1283 1949 incautis

86 1989 223 2065 obrepant
237 1991 318 2063 qnasi
332 1989 506 2068 deponentes
520 1989 648 2068 lupinam
663 1991 778 2068 pellem,
793 1990 823 2048 ds
837 2005 902 2046 sese
916 1986 1020 2046 dirinae
1033 1989 1106 2066 legis
1120 1987 1281 2054 sententiis,

87 2082 163 2141 velut
176 2086 357 2161 quibuspiam
377 2086 473 2143 ovium
496 2086 647 2143 velleribus
668 2084 852 2143 obvolventes
873 2083 1040 2143 Sanctarum
1062 2084 1281 2161 Scripturarum,
1354 2130 1358 2140 ,

86 2176 214 2250 adeoque
228 2180 319 2254 ipsius
332 2180 415 2238 etiam
431 2181 498 2238 novi
519 2180 697 2238 Testamenti
719 2179 823 2246 verbis,
845 2196 911 2251 quae
932 2177 1126 2255 multipliciter
1149 2179 1179 2236 in
1199 2194 1282 2235 snam

88 2271 265 2344 aliorumque
280 2271 470 2348 perditionem
484 2273 648 2348 depravant,
664 2274 795 2345 nequiter
808 2274 974 2340 abutuntur;
996 2274 1105 2346 antiqui
1126 2272 1244 2340 scilicet,
1266 2290 1283 2329 a

84 2381 142 2436 quo
156 2367 297 2442 progeniti
311 2376 387 2434 sunt,
403 2365 543 2425 mendacii
557 2367 644 2443 patris
659 2368 804 2443 exemplo,
819 2387 853 2425 ac
867 2367 1031 2445 magisterio
1052 2367 1156 2436 edocti,
1172 2367 1279 2426 nullam

84 2463 202 2520 omnino
229 2481 294 2520 esse
321 2464 357 2521 ad
383 2462 537 2523 fallendum
565 2463 772 2541 expeditiorem
805 2466 892 2531 mam,
920 2483 1007 2537 quam
1040 2474 1072 2522 ut
1100 2467 1150 2523 ubi
1181 2464 1281 2522 celaui

86 2559 187 2615 erroris
208 2558 449 2617 subintroducitur
467 2557 664 2625 fraudulentia,
679 2559 719 2615 ibi
739 2557 901 2615 divinorum
922 2559 1072 2616 verborum
1093 2557 1283 2634 protendatur

86 2655 246 2711 auctoritas.
441 2645 445 2651 ’

123 2747 300 2824 Hujusmodi
314 2759 408 2806 autem
423 2749 640 2824 Propositiones
654 2757 730 2816 sunt,
745 2766 809 2820 ques
824 2757 982 2822 sequuntur
996 2747 1140 2807 videlicet.

124 2847 152 2900 l.
174 2844 251 2910 Quid
274 2844 349 2902 aliud
370 2854 498 2903 remanet
510 2845 621 2912 anime,
637 2863 701 2917 quse
715 2842 822 2912 Deum,
837 2853 920 2917 atque
935 2845 1026 2920 ipsius
1037 2845 1155 2920 gratiam
1171 2845 1287 2912 emisit„

81 2940 139 2998 nisi
153 2952 312 3017 peecatum,
327 2942 357 3000 dn
371 2942 480 3018 peceati
492 2942 719 3009 consecutiones,
735 2941 857 3018 superba
871 2950 1033 3017 paupertas,
1049 2941 1077 2998 dt
1092 2942 1189 3019 segnis
1204 2941 1277 3001 iudi·

80 3028 187 3110 gentis,
203 3035 257 3093 hoc
271 3045 325 3103 est,
339 3036 480 3113 generalis
494 3036 661 3112 impotentia
673 3035 709 3093 ad
721 3035 858 3103 laborem,
872 3033 907 3093 ad
918 3035 1086 3104 orationem,
1101 3036 1132 3093 ds
1144 3036 1180 3095 ad
1193 3054 1279 3095 omne

83 3149 159 3207 opus
174 3130 300 3190 bonum?
389 3210 392 3214 Δ
948 3145 951 3151 ’

123 3235 153 3286 2.
175 3228 246 3286 Jesu
267 3228 377 3288 Christi
398 3229 496 3307 gratia,
518 3229 690 3306 principium
711 3229 814 3289 efficax
831 3229 902 3288 boui
921 3231 1129 3308 cujuscumque
1155 3217 1279 3309 generis,

79 3326 244 3383 necessaria
257 3335 301 3382 est
314 3325 349 3383 ad
362 3344 448 3384 omne
462 3345 536 3401 opus
550 3327 677 3384 bonum:
699 3328 806 3400 absque
822 3328 879 3394 ills,
894 3345 954 3386 non
968 3329 1061 3388 solum
1082 3329 1156 3389 nihil
1170 3329 1212 3398 fit,
1228 3327 1280 3386 sed

80 3436 137 3477 nec
150 3419 213 3477 fieri
228 3428 332 3496 potest.

123 3519 152 3572 3.
173 3515 337 3584 Iuvanum,
354 3516 490 3584 Domine,
506 3515 648 3593 praecipis,
663 3515 688 3572 si
702 3524 732 3573 tu
746 3516 808 3591 ipse
822 3533 881 3574 non
895 3513 945 3573 das
962 3517 1038 3591 quod
1053 3519 1197 3594 precipis.

123 3615 153 3669 4.
175 3611 228 3680 lta,
244 3613 380 3681 Domine,
395 3614 492 3672 omnia
513 3613 660 3691 possibilia
679 3613 707 3671 ci
727 3613 773 3672 cui
798 3613 895 3671 omnia
915 3612 1064 3689 possibilia
1076 3614 1157 3682 iacis,
1180 3614 1279 3692 eadem

81 3701 229 3785 operando
243 3709 273 3766 in
287 3709 348 3767 illo.

123 3807 152 3860 5.
175 3801 297 3870 Quando
312 3803 392 3862 Deus
406 3821 464 3862 non
478 3803 588 3862 emollit
600 3822 651 3863 cor
664 3822 715 3881 per
733 3804 897 3862 interiorem
918 3796 1082 3864 unctionem
1096 3808 1192 3883 gratiae
1206 3827 1277 3877 sure,

23 3888 29 3893 ’
81 3897 307 3964 exhortationes,
328 3899 358 3957 ds
386 3899 481 3976 gratie
502 3899 657 3958 exteriores
682 3918 740 3958 non
768 3898 935 3967 inserviunt,
959 3901 1015 3958 nisi
1035 3900 1070 3959 ad
1092 3901 1162 3961 illud
1186 3909 1279 3982 magis

82 3991 290 4053 obdurandum.

123 4091 152 4145 6.
175 4087 338 4147 Discrimen
353 4089 426 4147 inter
445 4088 538 4147 lodus
558 4088 709 4148 Judaicum
722 4079 764 4148 'ds
787 4089 984 4150 Christianum
1004 4101 1057 4160 est,
1080 4091 1157 4166 quod
1178 4094 1208 4153 in
1229 4092 1293 4161 illd.

82 4183 164 4243 Deus
178 4184 269 4259 exigit
281 4183 376 4261 fugam
392 4185 511 4261 peccati,
525 4184 785 4261 &implementum
799 4186 871 4265 legis
886 4206 902 4245 a
916 4197 1076 4264 peccatore,
1090 4187 1278 4264 relinquendo

80 4277 160 4341 illurn
176 4278 207 4336 in
217 4296 270 4335 sua
282 4279 458 4356 impotentia,
472 4281 503 4339 in
515 4280 572 4340 isto
584 4298 652 4339 vero
667 4282 748 4342 Deus
761 4284 903 4359 peccatori
922 4281 980 4352 dat,
995 4283 1072 4358 qnod
1088 4285 1181 4362 jobet,
1196 4286 1279 4347 illum

78 4393 134 4434 sua
148 4373 236 4449 grstia
250 4374 437 4451 purificando.
728 4434 730 4438 i

118 4474 149 4535 7,
173 4469 243 4542 Qua
259 4470 363 4536 utilitas
378 4489 430 4554 pro
443 4471 560 4533 homine
574 4475 605 4534 in
615 4475 704 4534 veteri
717 4473 833 4545 sudore,
848 4475 950 4553 inquo
964 4475 1046 4536 Dens
1059 4475 1140 4538 illurn
1158 4477 1275 4559 reliquit
