2730 5018
318 237 379 301 DE
401 240 708 303 REDEMPTORlS
729 241 1076 304 Expuormotts.
1237 251 1296 309 80⁹

33 410 43 427 ·
112 407 339 472 “superomuem
352 394 579 472 terram,”·qu'od
593 398 789 472 equissimum
806 400 887 467 soret,
902 410 1092 459 etaeternum.
1133 401 1213 480 Ergo
1222 403 1296 462 cele·

112 493 189 551 iratur
202 491 251 549 ille
265 493 335 551 olim
350 496 521 570 promissus,
535 495 565 552 in
580 514 638 567 quo
652 506 752 570 gentes
766 495 905 553 universe
920 495 1120 553 benedicendae
1135 497 1236 555 forent

33 583 46 658 ’ζ
136 588 162 642 9.
183 584 218 642 ln
233 585 352 645 Psalmo
366 587 439 645 lxxi.
454 589 534 665 regni
548 588 625 645 illius
639 587 782 646 beatitudo
794 600 822 646 ct
836 589 993 664 amplitudo
1007 590 1188 667 depingitur:
1212 601 1231 627 ‘⁸
1243 590 1262 649 J
1264 610 1294 649 u·

33 732 36 740 .
105 679 195 738 dicabit
220 699 363 757 pauperes
384 684 494 759 populi,
517 685 654 741 etsalvos
680 684 765 742 saciet
788 685 864 741 filios
886 703 1062 760 pauperum:
1084 699 1113 744 et
1133 686 1294 744 humiliabit

102 775 335 835 calumniatorem.
376 778 417 836 Et
436 780 614 855 permanebit
626 797 691 837 cum
707 778 787 846 sole;
810 790 839 836 et
852 790 916 837 ante
930 780 1038 847 lunam,
1067 781 1096 838 in
1110 782 1293 857 generatione

99 879 122 926 et
133 871 344 944 generationem
346 912 483 929 .....
506 871 619 931 Orietur
634 874 665 930 in
677 872 779 930 diebus
794 874 856 948 ejus
873 874 995 949 justitia,
1012 885 1041 931 et
1054 874 1225 933 abundantis
1244 894 1293 952 pa·

97 963 150 1019 cis:
171 962 265 1022 donec
280 965 421 1023 auferatur
445 967 523 1025 lons.
546 1009 555 1024 .
578 1009 586 1025 .
610 1009 618 1025 .
640 968 806 1026 Adorabunt
819 987 885 1025 enm
900 987 1000 1026 omnes
1015 987 1097 1046 reges
1112 981 1209 1028 terret
1231 989 1292 1028 om·

96 1076 141 1116 nes
153 1069 255 1134 gentes
270 1063 398 1120 servient
409 1064 448 1120 ei.
470 1104 478 1121 .
502 1103 510 1120 .
534 1103 543 1119 .
564 1065 605 1122 Et
618 1064 821 1122 benedicentur
834 1065 864 1121 in
879 1066 943 1140 ipso
958 1084 1059 1123 omnes
1074 1067 1162 1124 tribus
1177 1066 1289 1124 terrae.‘'

95 1153 160 1210 llaec
173 1167 251 1212 certe
266 1155 418 1233 designant
435 1159 611 1234 singularem
625 1159 777 1231 quemdam
793 1178 900 1234 regem,
916 1161 1056 1218 universis
1071 1160 1202 1238 gentibus
1217 1162 1291 1221 bona

95 1250 282 1325 largientem.¹

129 1349 175 1402 10.
199 1345 350 1406 Christum
365 1347 524 1408 Dominum
538 1368 621 1408 suum
639 1351 744 1408 summi
760 1350 877 1408 honorls
892 1350 911 1408 J
914 1351 1012 1409 ehovae
1028 1351 1194 1429 participem
1209 1354 1289 1413 exhi·

92 1441 133 1498 bet
151 1440 259 1511 David,
274 1445 407 1502 victorias
422 1446 484 1522 ejus
499 1445 534 1503 de
549 1446 690 1514 hostibus,
708 1459 735 1504 et
749 1446 955 1522 amplissimam
976 1446 1181 1523 discipulorum
1197 1450 1291 1508 multi·

92 1535 227 1604 tudinem,
249 1557 316 1596 cum
338 1540 504 1598 Sacerdotio
519 1551 656 1618 perpetuo
671 1543 827 1599 celebrans.
851 1542 964 1599 “Dixit
988 1543 1132 1602 Dominus
1159 1544 1288 1604 Domino

89 1650 165 1690 meo:
189 1633 259 1691 sede
274 1654 290 1691 a
304 1634 411 1693 dextris
426 1639 509 1694 meis.
532 1678 539 1695 .
563 1679 571 1694 .
593 1679 601 1694 .
625 1638 736 1696 Juravit
751 1638 904 1704 Dominus,
930 1648 958 1694 et
972 1658 1029 1697 non
1043 1641 1192 1715 poenitebit
1206 1660 1286 1710 eum,

88 1728 179 1786 'l'nes
205 1730 340 1790 sacerdos
362 1732 393 1789 in
415 1742 552 1791 aetrrnum
574 1733 731 1791 secundum
757 1734 885 1790 ordinem
912 1734 1175 1793 Melchisedech.”⁸
1214 1737 1288 1795 Haec

84 1824 168 1900 plane
183 1825 320 1884 denotant
343 1846 487 1886 summum
503 1846 610 1905 regem,
637 1829 795 1886 sacerdotio
817 1830 846 1885 in
861 1828 1010 1886 hominum
1031 1830 1151 1888 salutem
1177 1831 1287 1891 sunctu-

82 1939 156 1979 mm.
686 1995 689 1999 Ι

123 2021 172 2075 ll.
195 2017 324 2076 Salutem
339 2018 412 2076 hanc
425 2020 566 2078 universis
582 2020 745 2077 hominibus
761 2038 797 2076 ex
814 2019 924 2078 Christi
937 2021 1071 2078 aerumnis
1083 2030 1111 2078 et
1124 2031 1216 2080 morte
1231 2023 1287 2081 ori·

80 2124 174 2173 turam
190 2117 324 2191 praedixit
338 2116 459 2184 Psaltes,
475 2117 527 2174 has
542 2117 699 2175 accuratius
715 2135 876 2173 recensens.
899 2117 1077 2175 “Foderunt
1090 2138 1191 2176 manus
1206 2138 1285 2177 meas

78 2221 109 2267 et
122 2211 215 2286 pedes
230 2230 325 2270 meos:
348 2211 598 2270 dinumeraverunt
610 2213 705 2270 omnia
720 2231 786 2268 ossa
801 2211 895 2269 mea.‘’
913 2254 920 2269 .
944 2253 952 2269 .
975 2253 984 2270 .
1008 2223 1027 2249 ‘¹
1040 2214 1170 2272 Narrabo
1180 2234 1286 2274 nomen

63 2301 162 2364 'tuum
178 2306 310 2363 iratribus
325 2307 415 2363 meis:
438 2306 467 2364 in
481 2307 575 2364 medio
597 2306 737 2364 Ecclesiae
759 2305 878 2363 laudabo
899 2315 936 2362 te.
960 2346 967 2362 .
991 2346 999 2362 .
1022 2347 1030 2363 .
1053 2306 1285 2366 Reminiscentur

77 2412 108 2459 et
120 2411 324 2461 convertentur
338 2402 373 2459 ad
387 2402 545 2460 Dominum
571 2403 697 2459 universi
722 2402 794 2458 fines
821 2413 922 2459 terrae:
945 2411 974 2458 et
987 2400 1143 2460 adorabunt
1167 2403 1196 2461 in
1217 2423 1283 2461 con·

78 2510 182 2573 speetu
196 2499 260 2574 ejus
274 2499 413 2556 universe
428 2497 542 2555 lamiliae
564 2496 749 2555 Gentium.”³
790 2497 864 2554 Haeo
879 2516 936 2555 nou
952 2497 1066 2564 Davidi,
1091 2517 1143 2555 nec
1157 2499 1205 2555 alii
1225 2499 1283 2556 cui·

79 2611 167 2666 quam
182 2593 336 2651 convenire
349 2602 514 2659 noscuntur,
530 2605 631 2668 praeter
644 2592 760 2649 humani
776 2592 888 2667 generis
903 2591 1122 2668 redemptorem.

121 2692 170 2744 12.
185 2687 306 2762 Saepius
320 2686 492 2744 sacrificium
507 2705 559 2761 pro
574 2685 672 2743 mundi
688 2687 778 2743 salute
793 2685 929 2752 oblatum,
945 2686 1086 2742 veteribus
1102 2686 1224 2743 victimis
1239 2705 1281 2744 re·

76 2782 172 2858 jectis,
188 2783 265 2840 canit
278 2781 370 2839 David
383 2801 391 2838 t
414 2781 624 2838 “Sacrificium
639 2790 668 2838 et
681 2780 852 2837 oblationem
868 2780 1001 2837 noluisti:
1018 2798 1099 2837 aures
1112 2793 1205 2839 autem
1220 2801 1281 2857 pcr-

79 2878 172 2934 fecisti
189 2876 269 2934 mihi.
293 2877 500 2935 Holocaustum
514 2887 543 2933 et
557 2895 608 2951 pro
623 2887 739 2952 peccato
755 2894 811 2932 non
827 2875 989 2950 postulasti:
1013 2883 1080 2932 tuno
1095 2875 1173 2933 dixi:
1200 2877 1280 2935 Ecce

80 2975 175 3031 renio.
216 2972 252 3031 In
265 2973 359 3048 capite
373 2973 436 3030 libri
457 2973 593 3048 scriptum
609 2983 653 3029 est
668 2972 703 3029 de
720 2991 775 3038 me,
797 2982 828 3028 ut
849 2970 970 3029 facerem
986 2971 1159 3028 voluntatem
1181 2983 1277 3031 tuam:

80 3072 160 3130 Deus
183 3089 265 3128 meus
280 3070 356 3128 volui
371 3082 400 3127 et
413 3070 507 3146 legem
521 3080 598 3127 tuam
613 3070 642 3126 in
658 3067 752 3127 medio
773 3067 866 3125 cordis
888 3068 956 3125 mei.
998 3069 1173 3125 Annuntiavi
1194 3069 1279 3144 justi·

80 3169 144 3226 tiam
160 3179 239 3227 tusm
253 3168 285 3225 in
298 3167 419 3225 ecclesia
439 3165 589 3241 magna.”⁴
628 3165 700 3222 Hoec
723 3164 946 3239 Redemptorem
967 3166 1134 3221 annuntiant
1154 3184 1185 3221 se
1201 3167 1279 3224 victi·

81 3282 153 3322 mam
168 3262 348 3330 offerentem,
375 3272 405 3319 ut
418 3280 481 3334 quae
503 3261 537 3319 de
552 3279 587 3318 eo
602 3261 631 3318 in
652 3261 723 3337 legis
739 3258 883 3316 volumine
905 3259 1040 3335 praedicta
1060 3269 1156 3317 sunta
1171 3262 1278 3338 Moyse

80 3360 274 3437 implerentur,
295 3368 324 3416 et
337 3357 434 3416 divina
453 3357 641 3415 celebraretur
656 3357 766 3434 justitia
788 3357 819 3412 in
840 3356 973 3415 Ecclesia
987 3357 1115 3433 omnium
1137 3359 1276 3437 gentium.

81 3455 252 3513 Christianis
268 3455 425 3531 Apostolus
440 3453 545 3511 Paulus
560 3453 654 3510 locum
670 3451 814 3509 dubitandi
832 3470 888 3508 non
903 3451 1060 3523 relinquit.⁵

117 3556 167 3609 ts.
188 3550 279 3608 lsaias
294 3550 387 3607 verbis
412 3549 538 3606 maxime
552 3548 712 3625 perspicuis
728 3547 900 3623 singularem
923 3543 1003 3600 illum
1018 3544 1121 3609 virum,
1148 3546 1198 3617 qui
1213 3565 1277 3621 pec·

78 3657 136 3704 cata
149 3647 282 3705 omnium
296 3663 348 3702 sua
361 3654 451 3701 morte
466 3643 581 3710 deleret,
597 3643 760 3709 celebravit,
787 3639 987 3717 prophetarum
1002 3655 1092 3704 more,
1114 3656 1174 3695 rem
1189 3640 1276 3697 veluti

74 3745 131 3819 jam
147 3750 291 3818 peractam
305 3739 521 3815 contemplans:
545 3748 565 3774 ‘⁴
574 3739 641 3814 lpse
653 3749 747 3795 autem
760 3737 921 3793 vulneratur
932 3745 975 3790 est
987 3742 1102 3808 propter
1113 3734 1275 3806 iniquitates

75 3852 197 3912 nosuas,
212 3842 321 3900 attritus
336 3848 380 3898 est
393 3849 509 3915 propter
519 3838 628 3896 scelera
641 3847 738 3894 nostra
759 3876 766 3893 .
790 3876 798 3892 .
822 3875 830 3892 .
852 3833 949 3909 posuit
963 3830 1105 3888 Dominus
1127 3832 1158 3889 in
1173 3850 1207 3890 eo
1222 3832 1276 3895 ini·

128 3956 152 4007 J

409 4054 446 4112 (l)
464 4049 528 4100 Vide
539 4049 727 4110 Hougstenberg
738 4047 764 4096 in
782 4047 824 4096 Ps·
836 4062 860 4113 p.
872 4048 912 4099 98.

409 4137 448 4195 (2)
466 4134 507 4183 Ρι.
519 4132 567 4182 cix.

409 4221 446 4279 (8)
465 4218 506 4267 Ps.
517 4217 570 4266 xxi.

409 4304 446 4362 (t)
464 4300 599 4349 Psmix.
623 4294 626 4300 ’

412 4385 454 4450 (s)
474 4382 538 4433 laet.
549 4398 575 4432 x.
587 4383 612 4429 s.

628 4451 681 4505 ts*
