2730 5018
412 280 470 342 DE
492 283 664 343 uttam
685 283 918 344 numerem.

294 775 435 835 CAPUT
456 776 510 834 llI.
552 775 609 837 DE
632 776 803 836 GRATIAE
825 776 1060 837 EFFICACIA.

525 1004 670 1045 ERRORUI
690 1004 848 1045 transnato.

124 1146 174 1201 89.
195 1141 269 1199 lllud
283 1161 321 1199 ex
343 1142 496 1217 Scripturas
510 1153 538 1199 et
558 1141 717 1200 traditionis
739 1141 879 1199 Ecclesiae
900 1143 1069 1200 auctoritate
1089 1142 1263 1218 exploratissi·

84 1254 162 1293 mum
178 1236 366 1301 ostendimus,
381 1235 594 1310 supernaturale
609 1236 706 1312 gratiae
720 1235 871 1304 auxilium,
885 1237 965 1296 nullo
979 1236 1083 1294 merito
1098 1237 1217 1295 lrumano
1234 1241 1265 1299 in·

83 1333 195 1400 nixum,
211 1331 329 1389 omnino
345 1332 449 1404 requiri
465 1331 499 1389 ad
514 1351 629 1389 omnem
646 1343 740 1389 actum
756 1333 917 1400 salutarem,
929 1344 957 1391 et
971 1333 1068 1410 ipsum
1079 1333 1150 1391 fidei
1161 1335 1264 1394 initium.

83 1426 150 1486 Jam
176 1447 243 1486 vero
267 1428 468 1500 inquirendum
494 1427 639 1500 quomodo
660 1429 749 1505 gratia
773 1428 803 1485 in
828 1429 981 1487 humanam
1007 1440 1074 1507 agat
1100 1422 1266 1503 voluntatem,

84 1535 179 1580 utrum
194 1522 304 1579 scilicet
316 1523 344 1579 ri
356 1523 470 1590 invicta,
479 1532 508 1581 et
519 1523 690 1590 necessaria,
702 1523 781 1581 omui
794 1525 947 1582 resistendi
958 1535 1098 1600 potestate
1110 1525 1225 1592 sublata,
1232 1524 1268 1584 rel

84 1618 163 1675 salvo
177 1618 328 1675 voluntatis
344 1619 434 1676 libero
444 1619 567 1676 arbitrio.
590 1617 733 1676 Lutlrerus
742 1617 998 1677 docuitroluntatis
1011 1619 1106 1677 nullas
1118 1639 1183 1677 esse
1193 1633 1269 1696 partes

84 1711 114 1768 in
130 1712 228 1768 salutis
251 1713 376 1788 negotio,
389 1731 452 1769 eam
474 1713 583 1770 scilicet
597 1713 641 1789 agi
663 1711 823 1771 necessarii
839 1733 855 1770 a
869 1714 951 1773 Deo:
975 1725 1085 1786 “error
1106 1714 1180 1783 est,”
1195 1716 1270 1789 inquit
1309 1694 1313 1728 Ἰ

86 1817 106 1842 “
114 1806 317 1879 quodlibemm
326 1809 471 1866 arbitrium
481 1808 582 1865 habeat
591 1808 713 1881 aliquam
725 1808 894 1867 activitatem
906 1809 936 1868 in
946 1811 1023 1869 bono
1032 1809 1224 1886 opere-”¹—“
1232 1812 1272 1869 Se

86 1903 183 1974 quitur
196 1921 249 1959 nos
264 1904 425 1960 necessario
439 1903 550 1979 operari
573 1945 580 1960 .
603 1945 611 1960 .
634 1904 796 1960 necessario
808 1902 872 1961 verb
884 1903 961 1973 dico,
972 1923 1031 1962 non
1043 1903 1154 1972 eoacti,
1166 1899 1272 1974 necessi-

86 2009 141 2055 tate
164 1999 410 2066 immutabilitatis,
425 2018 484 2057 non
505 1999 671 2057 coactionis.
713 1998 780 2061 lloc
803 2010 857 2067 est,
875 2001 964 2059 bomo
984 2019 1052 2059 cum
1075 2009 1160 2058 vacat
1179 2002 1272 2077 Spiritu

86 2093 154 2160 Dei,
169 2112 226 2152 uon
241 2094 357 2166 quidem
373 2093 517 2162 violentia,
534 2095 611 2152 velut
623 2103 720 2170 raptus
734 2095 944 2164 obtortocollo,
960 2096 1062 2155 nolens
1077 2097 1147 2154 iacit
1160 2096 1271 2162 malum;
1290 2144 1299 2153 ,

86 2189 136 2246 sed
152 2200 254 2265 sponte
268 2199 297 2246 et
317 2189 425 2249 lubenti
445 2189 589 2247 voluntate
611 2189 687 2247 iacit.
730 2188 796 2247 Hoc
818 2209 953 2248 vocamus
976 2190 1064 2249 modo
1084 2191 1273 2250 necessitatem

87 2284 334 2351 immutabilibus,
357 2283 435 2356 quod
459 2285 590 2343 voluntas
612 2302 678 2341 sese
699 2293 819 2353 mutare,
841 2285 944 2344 etalio
966 2279 1077 2344 vertere
1102 2304 1164 2344 non
1182 2287 1272 2362 possit
1308 2298 1313 2371 p

87 2379 198 2438 Rursus
212 2398 250 2437 ex
262 2380 347 2437 altera
359 2391 437 2456 parte
452 2381 478 2436 si
489 2380 569 2439 Deus
581 2381 612 2437 in
624 2380 706 2438 nobis
717 2391 859 2456 operatur,
869 2391 975 2440 munta
988 2391 1016 2440 et
1028 2381 1135 2444 blande
1146 2381 1274 2440 assibilati

4 2476 16 2513 ὅ
87 2494 139 2552 per
153 2475 291 2550 Spiritum
305 2473 359 2531 Dei
374 2474 513 2542 voluntas,
526 2476 628 2532 iterum
641 2493 718 2533 mera
730 2476 858 2533 lubentia
871 2485 900 2539 et
912 2477 1062 2551 pronitate,
1075 2494 1111 2534 ao
1121 2485 1223 2552 sponte
1233 2493 1273 2534 sua

88 2572 149 2629 vult
162 2582 190 2628 et
203 2571 279 2634 iacit,
294 2589 352 2629 non
367 2581 473 2638 coacte,
490 2589 541 2647 pro
562 2581 661 2628 natura
683 2571 845 2638 voluntatis,
861 2590 924 2645 quae
939 2573 965 2630 si
985 2581 1137 2648 cogeretur
1158 2572 1272 2630 voluntas

88 2687 146 2727 uon
168 2667 289 2726 esset.’'¹
330 2666 469 2724 Calvinus
492 2667 568 2725 idem
590 2666 707 2725 docuitt
737 2667 942 2725 “voluntatem
965 2677 1071 2737 movet,
1086 2687 1147 2728 nou
1169 2668 1275 2742 qualiter
1310 2706 1313 2769 l

18 2788 25 2803 .
90 2765 188 2821 multis
214 2763 326 2820 saecolis
348 2762 478 2820 traditum
494 2773 548 2828 est,
568 2773 597 2819 et
617 2761 766 2829 creditum,
782 2774 812 2820 ut
825 2772 929 2820 nostrae
951 2774 1051 2838 postea
1071 2764 1109 2820 sit
1130 2764 1275 2831 electionis,
1311 2781 1313 2823 ;

90 2862 209 2918 motioni
226 2872 273 2917 aut
292 2861 487 2934 obtemperare
507 2871 555 2916 aut
576 2859 728 2934 refragari:
751 2859 802 2916 sed
817 2860 893 2916 illam
916 2859 1070 2916 efficaciter
1090 2858 1278 2916 afficiendo.”⁸
1311 2892 1313 2900 ι

90 2957 201 3012 Neuter
215 2966 308 3011 tamen
324 2955 415 3010 renuit
430 2955 509 3011 lateri
523 2955 695 3011 voluntatem
710 2973 776 3011 cunr
796 2954 912 3011 libentia
929 2954 1050 3026 quadam
1073 2955 1150 3018 ferri,
1165 2964 1194 3012 et
1213 2972 1294 3012 aeo'

89 3052 199 3106 actione
223 3068 286 3105 esse
308 3049 434 3105 liberam.
478 3049 591 3106 “Mera
611 3048 745 3114 lubentia,
761 3049 899 3123 pronitate
925 3068 958 3105 ac
982 3058 1086 3124 sponte
1110 3067 1163 3105 sua
1184 3048 1242 3104 vult
1257 3057 1279 3104 et

90 3140 201 3199 ia'cit.’'⁴
225 3142 283 3216 ,lta
298 3142 457 3198 Lutherus:
480 3142 619 3198 Calvinus
632 3152 744 3198 autem:
768 3151 787 3177 “
799 3142 831 3198 Si
843 3144 981 3200 coactioni
997 3144 1152 3219 opponitur
1165 3144 1278 3207 libertas,

90 3237 208 3292 liberum
222 3254 286 3291 esse
301 3236 446 3291 arbitrium
458 3245 487 3291 et
498 3235 596 3300 fateor,
612 3245 640 3290 et
653 3245 816 3293 constanter
830 3238 973 3295 assero.’'⁵

129 3333 177 3386 90.
201 3330 326 3387 Michael
349 3329 448 3405 Bajus,
464 3329 653 3386 Levaniensis
675 3329 784 3397 doctor,
807 3333 857 3403 qui
878 3332 1000 3390 concilio
1015 3331 1188 3390 Tridentino
1205 3333 1279 3407 jussu

91 3425 181 3500 Regis
197 3424 338 3482 Catholici
355 3424 526 3492 interfuerat,
542 3425 692 3500 opIniones
708 3425 845 3497 quasdam
862 3427 1039 3484 Calvinianis
1061 3427 1174 3502 placitis
1190 3425 1280 3483 affines

90 3523 289 3598 propugnavit,
300 3542 362 3595 quae
378 3541 430 3580 sex
445 3541 530 3598 supra
544 3523 692 3598 sexaginta
704 3541 833 3589 numero,
847 3542 921 3580 anno
936 3527 1022 3590 1567,
1034 3543 1050 3580 a
1062 3524 1116 3582 Pio
1126 3523 1165 3579 V.
1177 3521 1283 3580 damna·

91 3631 125 3675 ιιι
141 3628 216 3675 sunt.
259 3620 388 3695 Subjecit
398 3637 429 3675 se
444 3617 557 3675 decreto
569 3617 726 3691 pontificio,
741 3627 770 3674 et
783 3618 812 3674 iu
836 3618 1038 3675 communione
1053 3616 1195 3675 Ecclesiae
1218 3634 1284 3675 anno

94 3719 171 3777 1589
186 3724 230 3771 est
244 3728 383 3772 mortuus.

130 3813 180 3866 91.
201 3811 366 3878 Jansenius,
392 3812 421 3868 in
447 3811 546 3869 eadem
569 3809 724 3868 Academia
739 3810 912 3867 lovaniensi
936 3811 1091 3886 professor,
1106 3819 1135 3866 et
1154 3808 1289 3886 deinceps

91 3905 245 3981 episcopus
261 3906 398 3982 iprensis,
414 3926 487 3983 opus
503 3907 665 3973 elaboravit,
677 3905 753 3978 quod
769 3907 824 3962 boc
838 3905 919 3963 titulo
934 3904 1056 3982 prodiits
1080 3904 1291 3980 “Augustinus,

91 4020 142 4058 seu
159 4002 295 4060 Doctrina
309 4004 341 4060 S.
357 4004 509 4079 Augustini
524 4001 559 4058 de
580 4002 713 4059 humanae
734 4010 840 4057 naturae
863 4002 994 4070 sanitate,
1010 4000 1188 4080 egritudine,
1203 3997 1293 4059 medi·

456 4173 499 4237 (1)
519 4170 594 4220 Lutlr.
605 4171 632 4220 in
644 4171 685 4219 Ps.
696 4186 719 4218 v.

455 4258 492 4314 (2)
511 4252 541 4301 L.
552 4253 582 4300 de
593 4267 661 4301 servo
673 4252 777 4302 arbitrio.

456 4338 493 4397 (³)
512 4335 591 4384 instit.
602 4336 619 4384 l.
631 4335 656 4384 ii.
667 4352 687 4386 e.
699 4336 733 4386 iii.
746 4341 759 4396 ς
776 4339 814 4385 10.

453 4421 491 4479 (4)
508 4417 583 4468 Luth.
595 4419 705 4470 deservo
718 4422 767 4470 arb.
776 4421 816 4469 iol.
828 4423 888 4469 434.

464 4505 491 4565 ὅ)
510 4502 582 4554 Cels.
594 4505 609 4554 l.
621 4506 645 4556 ii·
657 4513 742 4557 contra
752 4505 877 4567 Pighium.
