2744 5024
206 252 210 257 ’
285 326 294 335 ,
336 242 407 331 'nn
427 228 633 330 susurrus
657 264 963 341 onnrrrunru.
1201 266 1259 354 aar

112 425 167 484 tat.
192 423 260 505 Odj.
275 430 305 485 t.
327 426 373 486 De
387 427 495 503 Spiritu
511 426 617 486 Sancto
631 425 756 484 dicitur:
776 433 796 462 ‘⁶
808 425 871 484 Vos
881 433 977 483 numm
988 421 1168 500 cognoscetis
1180 438 1258 489 eum,

83 518 130 589 nuta
140 520 211 598 apud
224 539 278 582 vos
291 521 426 589 manebit,
439 520 714 579 etin-vobiaerit.”.
731 561 739 578 .
755 561 763 578 .
781 561 789 578 .
812 518 878 577 “-ln
893 517 1000 577 illudio
1012 535 1064 587 vos
1078 516 1258 594 cognoscetis

79 617 195 695 guaegc
208 637 275 676 sum
290 617 320 677 in
334 619 418 683 Patre
440 636 517 684 meo,
531 617 671 676 et-vos-in
694 635 752 684 me,
765 625 796 674 et
809 634 864 692 ego
884 617 922 674 in.
935 614 1063 673 vobis.”¹
1103 615 1183 690 Ergo
1196 631 1261 691 cug-

73 723 180 773 nercunt
195 713 269 790 justi
282 731 315 770 se
328 713 432 771 habere
447 713 587 788 Spiritum
602 712 753 779 Sanctum,
767 720 797 769 et
811 710 973 770 Christum.

99 809 169 864 281.
190 805 286 884 Resp.
307 807 451 883 Apostoli,
466 824 539 880 quos
552 805 691 864 allocutus
705 816 750 864 sat
761 805 905 874 Christus,
920 805 1263 883 cognituri‘eraut‘Spiri-

67 913 120 961 tum
145 903 295 970 Sanctum,
318 902 417 961 divino
440 903 503 978 ejus
517 902 626 960 lumine
649 902 791 970 illustrati,
815 911 847 960 ut
868 900 937 959 tidei
959 903 1090 963 veritatm
1112 901 1262 960 traderent.

62 998 138 1057 Alter
151 999 234 1057 locus
248 998 285 1057 ad
301 998 421 1076 gloriam
435 999 581 1057 caelestem
595 998 723 1065 refertur,
737 999 890 1074 interprete
904 998 1083 1074 Augustinus
1126 1007 1145 1034 “
1156 998 1188 1056 ln
1204 1017 1262 1070 quo

64 1093 128 1154 diei
145 1094 205 1152 nisi
219 1093 255 1153 ds
278 1113 336 1168 quc
349 1095 406 1153 ait:
429 1101 456 1153 et
469 1113 522 1154 vos
540 1094 665 1153 vinetia:
687 1104 754 1152 tunc
776 1095 853 1154 enirn
873 1095 926 1152 erit
948 1105 980 1152 ut
1003 1095 1148 1172 possimus
1169 1093 1263 1153 ridere

61 1189 136 1267 guod
152 1188 345 1249 credirnus.'’⁸
385 1190 528 1248 Neutrum
543 1189 737 1248 testimoninm
753 1199 828 1248 certe
843 1199 953 1266 spectat
970 1190 1162 1266 cognitionem
1176 1208 1262 1263 quam

63 1283 172 1361 singuli
194 1283 294 1342 fideles
309 1283 344 1341 de
359 1283 460 1361 spiritu
474 1285 504 1342 in
519 1285 561 1342 eis
572 1283 715 1343 habitante
730 1284 852 1342 habituri
867 1284 967 1343 forent.

97 1384 170 1438 282.
197 1378 263 1458 Odj.
283 1385 312 1440 5.
336 1380 495 1457 Apostolus
518 1379 619 1461 fideles
641 1379 747 1439 indicat
768 1399 940 1457 cognoscere
968 1380 1116 1440 Christum
1141 1382 1171 1440 in
1192 1382 1264 1458 ipsis

62 1492 152 1535 essee
170 1474 405 1551 “Vosmetipsos
430 1484 535 1533 tentate
549 1475 575 1532 si
595 1474 666 1532 estis
679 1474 709 1532 in
724 1473 797 1531 fide:
820 1475 877 1551 ipsi
898 1492 950 1532 roa
972 1475 1099 1550 probate.
1141 1475 1186 1533 Au
1207 1494 1266 1533 non

61 1569 237 1649 cognoscitis
252 1569 454 1648 vosmetipsos,
469 1570 537 1644 quia
560 1569 694 1627 Christus
709 1568 796 1628 Jesua
819 1572 848 1627 in
863 1569 945 1629 vobis
963 1570 1027 1627 esti
1052 1569 1108 1628 nisi
1131 1569 1201 1628 sorte
1223 1587 1265 1626 re·
1351 1599 1357 1607 ·

61 1668 144 1745 probi
159 1665 278 1749 estisl’·⁸

100 1770 175 1825 283.
198 1762 289 1842 Ileap.
311 1766 467 1843 Apostolus
489 1775 625 1844 provocat
638 1766 813 1825 Corinthios
827 1773 860 1822 ut
880 1764 954 1823 serid
969 1763 1153 1841 Tperpendaut
1172 1772 1267 1822 utrum

62 1857 228 1921 himiterin
242 1858 392 1921 Christum
407 1860 537 1930 credant,
547 1879 616 1934 quae-
626 1862 703 1919 enim
715 1859 794 1937 ¹apud
807 1878 857 1917 eos
869 1859 1045 1917 invaluerant
1058 1858 1141 1926 mala,
1152 1877 1268 1934 gravem

70 1954 104 2015 de
128 1955 187 2013 fide
202 1972 302 2013 eorum
330 1955 440 2031 integra
459 1954 604 2013 dubitandi
628 1957 767 2013 rationem
792 1955 964 2030 praebebant.
1005 1954 1140 2031 Appellat
1160 1954 1270 2012 Christi

67 2052 134 2112 Jesu
148 2054 184 2111 iis
199 2052 348 2129 praesentis
369 2070 422 2109 sua
436 2052 536 2115 virtute
562 2050 702 2127 prodigia,
718 2069 782 2122 quae
806 2050 884 2119 haud
904 2050 1006 2108 deesse
1020 2050 1190 2119 confidebat,
1212 2052 1269 2110 nisi

73 2149 223 2209 omninoa
244 2147 303 2206 fide
326 2147 510 2210 deiecissent.
551 2146 657 2220 Liquet
679 2164 747 2203 eum
772 2165 855 2223 agere
876 2145 913 2208 de
929 2147 1003 2204 vitiis
1024 2147 1221 2216 emendandis,
1243 2157 1272 2204 et

70 2245 233 2306 nullatenus,
253 2241 289 2301 de
309 2243 495 2320 persuasione
517 2260 603 2317 quam
626 2243 749 2315 quisque
765 2242 869 2300 habere
887 2251 987 2319 posset
999 2244 1159 2321 sehjristum
1183 2250 1274 2302 esae.⁴

70 2338 195 2418 Reprobi
217 2348 311 2404 autem
333 2326 793 2414 viles—desetpa-sintelliguntur
807 2357 842 2397 eo
856 2338 924 2407 loci,
936 2339 977 2397 uti
991 2341 1080 2413 liquet
1093 2359 1131 2400 ex
1144 2359 1180 2399 eo
1194 2340 1272 2414 quod

71 2435 226 2513 Apostolus
257 2434 396 2510 reprobus
423 2432 521 2494 haberi
548 2433 616 2491 velit
639 2452 737 2493 eorum
759 2453 862 2495 cansa:
884 2443 904 2472 “
918 2446 1088 2498 nouantem
1107 2448 1140 2501 ut
1160 2437 1273 2513 reprobi

67 2530 213 2591 simus.”⁵

113 2630 186 2687 284.
212 2626 280 2706 obj.
294 2626 637 2703 d.,.Joann'es.Apostolus
649 2625 755 2702 sapius
769 2624 904 2702 praedicat
910 2626 1062 2684 scientiam
1074 2644 1158 2698 quarn
1170 2627 1275 2686 habent

64 2723 181 2793 fideles,
196 2723 328 2800 Spiritus
335 2723 511 2790 testimonio,
527 2721 563 2780 de
578 2721 697 2780 Christo
711 2722 740 2778 in
754 2721 791 2778 iis
806 2721 1103 2792 manentenitamque
1117 2721 1271 2797 largiente:

64 2830 131 2868 -“
142 2820 209 2879 Nos
224 2821 331 2878 scimus
346 2820 480 2893 quoniam
498 2818 622 2877 translati
636 2837 735 2876 sumus
751 2816 790 2878 de
808 2827 899 2874 morte
914 2816 949 2874 ad
964 2816 1061 2884 vitam,
1076 2819 1212 2903 quoniam
1232 2818 1274 2876 di·

63 2916 188 2996 ligimus
210 2915 461 2978 sratresss'l-‘tln
486 2915 933 2992 hoc-cognoscimusuuoniam
955 2914 985 2971 in
1009 2931 1225 2982 cosmanemus,
1246 2925 1275 2972 et

66 3012 134 3089 ipse
147 3013 179 3070 in
193 3011 292 3075 nobis:
302 3011 450 3089 ,quoniam
465 3008 501 3069 de
515 3010 693 3087 Spiritusne
707 3007 786 3066 dedit
799 3007 995 3066 nobis.?’⁷-“
1006 3007 1065 3073 Qui
1078 3008 1168 3067 credit
1182 3009 1213 3066 in
1227 3009 1274 3068 Fi·

79 3107 153 3167 lium
168 3089 336 3176 Dei,.habet
349 3106 543 3170 testimonium
559 3106 615 3164 Dei
629 3107 659 3164 in
674 3104 751 3163 se.’,’⁸
917 3181 923 3191 ι

111 3209 184 3265 285.
205 3203 295 3281 Reap.
318 3204 427 3282 Utiuue
442 3202 556 3263 dilectio
571 3222 627 3276 qua
638 3203 746 3279 'iratres
760 3201 988 3279 complectimur,
1002 3211 1047 3261 est
1065 3203 1148 3261 nobis
1169 3203 1276 3264 indicio

61 3301 146 3361 'sads
162 3301 314 3360 manifesto
329 3301 417 3367 vitam
435 3300 590 3369 caeiestem,
611 3300 730 3377 gratiam
745 3302 855 3360 scilicet
874 3320 931 3374 gua
953 3300 1018 3359 Deo
1038 3301 1172 3370 vivimus,
1195 3303 1278 3361 nobis

77 3395 219 3457 donnum.
261 3395 311 3464 Ex
323 3393 407 3459 donis
421 3395 507 3459 etiain
522 3395 646 3471 Spiritus
665 3398 842 3474 cognoscere
855 3394 923 3456 lieet
938 3396 1037 3470 ,ipsum
1054 3397 1082 3453 in
1094 3398 1180 3456 nobis
1198 3415 1276 3457 esse.

113 3610 156 3676 (l)
175 3609 250 3659 ioan.
257 3607 308 3657 xiv.
323 3609 405 3657 17-20.

114 3695 156 3761 (2)
176 3693 259 3743 'l'ract
270 3693 339 3743 lxxv.
349 3692 377 3742 in
387 3691 459 3742 Joau.

114 3780 156 3845 (8)
176 3778 209 3828 Π.
221 3776 339 3826 dccxiii.
352 3779 376 3825 5.

115 3864 158 3930 (t)
177 3870 193 3895 “
201 3862 266 3912 This
276 3861 351 3924 being
362 3861 455 3927 spoken
467 3868 492 3912 to
504 3860 653 3918 defection,
664 3857 793 3908 whcwere
804 3855 903 3908 insuch
915 3872 930 3905 a
942 3861 1003 3905 stata
1015 3855 1044 3904 ci
1056 3855 1234 3918 wickedness„
1252 3893 1260 3908 .
1276 3894 1283 3908 .

83 3949 101 3998 it
110 3956 200 4000 cannot
207 3950 239 3998 be
249 3963 277 3997 so
288 3946 364 3998 much
375 3963 401 3996 as
413 3947 535 4012 supposed
545 3946 598 3996 that
614 3944 687 3993 lesus
699 3942 784 3992 Christ
795 3959 846 3992 was
856 3942 883 3991 in
895 3941 973 4002 them,
980 3939 1007 3990 in
1024 3941 1066 3991 the
1077 3956 1148 3991 sense
1158 3942 1186 3991 in
1202 3942 1284 3993 which

89 4048 130 4084 our
137 4034 280 4084 namnam
288 4030 436 4081 undmatood
447 4031 500 4082 that
508 4028 620 4102 phrase.”
654 4027 799 4090 Maclrnight
810 4029 837 4077 iri
845 4028 891 4077 loc.
1161 4091 1165 4099 Ι

117 4119 161 4185 (ὅ)
180 4119 215 4168 11.
228 4117 286 4167 Ger.
293 4116 345 4166 xiii.
358 4121 383 4166 7.
416 4123 431 4148 “
438 4116 495 4166 The
505 4115 696 4182 word'ddoxtpcr
707 4112 790 4163 which
801 4128 847 4162 our
854 4111 998 4162 translatore
1005 4109 1068 4161 hare
1078 4110 1194 4161 rendered
1204 4125 1287 4178 repro·

90 4203 157 4267 bno,
165 4207 228 4272 ,does
238 4212 283 4255 not
294 4203 370 4254 admit
381 4204 410 4253 of
423 4204 476 4254 that
486 4204 603 4265 meaning
613 4202 640 4251 in
652 4200 700 4250 this
711 4214 820 4263 passage,
832 4198 891 4248 esis
902 4198 978 4264 plain,
988 4197 1052 4246 from
1064 4196 1105 4246 the
1121 4211 1194 4261 scope
1205 4196 1234 4244 cf
1246 4194 1288 4244 the

63 4352 72 4359 -
91 4289 217 4351 dioscurus,
229 4289 353 4340 audirem
364 4288 405 4338 the
416 4288 530 4354 apostle’s
541 4287 660 4354 spplying
670 4285 724 4336 that
733 4283 801 4335 word
811 4291 838 4334 to
845 4281 976 4334 'himssli‘'
1010 4280 1156 4345 Macknight
1165 4282 1193 4331 in
1201 4297 1223 4330 r.
1231 4283 1254 4329 6.

123 4377 165 4443 (e)
186 4377 207 4426 1.
217 4373 386 4425 sommis.

123 4460 164 4526 (7)
184 4459 290 4510 Ibidis.
304 4461 344 4507 ts.

124 4545 165 4612 (8)
183 4545 246 4597 Ibid.
255 4544 288 4596 V.
299 4546 339 4593 10.
412 4597 415 4601 ,
