2744 5024
339 122 395 185 DE
417 122 776 186 Pnoonssrornans
796 123 971 187 DWINIS..
1192 120 1252 187 una

64 276 217 352 appellabis,
232 278 334 352 quiex
349 281 414 340 Deo
433 280 520 341 Patre
534 300 585 358 per
606 280 711 340 Filium
736 281 898 341 naturaliter
918 280 1141 358 proiuoditur.”¹
1183 281 1201 338 J
1204 298 1255 338 aro

10 404 13 451 t
64 361 268 432 vanienses
281 376 352 433 ratio
366 395 418 434 cur
432 394 488 454 per
502 375 619 435 fillium
633 377 757 452 Spiritus
771 376 881 437 (luatur
894 377 1060 457 procedere,
1074 377 1131 435 nisi
1145 376 1248 440 Filius,

70 469 121 525 tina
130 487 194 527 curn
209 470 305 538 Patre,
321 471 397 528 illius
412 473 585 550 principium
599 475 661 531 sit.⁹

102 567 160 622 196.
182 564 268 631 Quod
292 566 441 643 Scriptura
461 567 537 625 dicat
549 585 647 625 cuma
667 568 751 625 Patre
773 567 936 643 procedere,
958 586 1017 626 noa
1041 567 1116 625 dicat
1137 567 1252 642 pariter,

58 657 148 717 eadem
172 658 324 719 verborum
345 662 476 728 formula,
491 681 557 720 eum
581 661 765 739 procederes
789 662 875 728 Filio,
899 681 957 720 nou
977 665 1087 729 obstat;
1101 681 1167 720 nam
1189 663 1252 719 aliis

59 753 145 811 verbis
166 743 245 814 idem
264 756 354 815 dicit:
375 775 604 833 nempeceuma
622 757 698 816 Filio
719 757 802 819 mitti.
823 756 859 814 de
872 775 913 814 eo
927 757 1005 829 quod
1027 769 1072 814 est
1092 756 1160 814 Filii
1181 757 1253 814 acci·

58 865 130 924 pere,
144 859 173 907 et
185 850 254 909 Filii
268 868 333 909 esse
348 852 500 932 Spiritum.

96 949 158 1005 197.
181 947 311 1031 Quudad
326 949 497 1025 Symbolum
511 949 861 1025 constantinopolitanum
874 950 983 1016 attinet,
995 948 1095 1007 meriti
1110 947 1252 1023 adjectum

58 1048 101 1122 est
109 1041 246 1117 Spiritum
256 1044 399 1115 ,Sanctum
414 1045 527 1108 aPatre
542 1044 751 1120 procederent
763 1045 826 1121 ejus
842 1045 938 1103 diuina
952 1055 1050 1102 natura
1065 1043 1254 1101 vindicaretur

60 1146 149 1226 coum
162 1139 328 1198 Macedouii
344 1141 530 1216 impietatem.
574 1141 620 1198 De
632 1141 696 1216 ejus
717 1141 900 1217 processione
915 1160 932 1197 a
952 1139 1028 1199 Filio
1044 1138 1121 1196 nihil
1134 1138 1253 1203 dictum,

59 1248 137 1305 quum
155 1234 345 1294 Macedonius
358 1254 426 1295 eum
440 1254 457 1293 a
471 1236 552 1305 ,Filio
566 1249 691 1297 creatum
712 1250 868 1294 assereret:
891 1245 1065 1311 quapropter
1085 1235 1252 1310 ambiguita-

61 1334 110 1384 tem
122 1344 207 1386 voees
221 1329 257 1387 de
272 1331 457 1405 processione
473 1350 489 1387 a
503 1330 578 1388 Filio
593 1331 650 1406 pati
667 1339 806 1406 poterant.
821 1342 849 1387 et
863 1331 966 1388 haeresi
981 1330 1091 1388 lavere.

97 1426 157 1491 998.
173 1424 338 1487 Concilium
350 1426 470 1499 quidem
478 1427 660 1503 Ephesinum
674 1427 772 1485 statuit
787 1436 805 1462 ‘⁶
816 1425 1028 1490 alteramfidem
1040 1427 1150 1484 nemini
1165 1425 1251 1483 licere

60 1518 248 1591 prolerro,vel
273 1523 514 1588 conscribere-ac
535 1540 719 1598 componere,
743 1536 844 1597 prater
865 1539 928 1580 eam
951 1539 1015 1593 quae
1037 1520 1153 1578 definita
1172 1530 1216 1576 est
1236 1540 1254 1576 a

63 1610 161 1672 Sancus
175 1616 309 1675 Patribus
325 1618 432 1676 Nicoeae
447 1620 626 1694 congregatis
640 1636 705 1675 curn
721 1618 826 1674 Sancto
847 1617 957 1690 Spiritu
967 1615 998 1682 ;”
1019 1614 1136 1673 modum
1160 1615 1253 1687 impo-

62 1723 117 1766 nere
130 1711 230 1769 volens
243 1714 327 1771 novis
342 1713 408 1771 fidei
429 1713 570 1780 formulis,
586 1715 639 1794 sub
661 1714 764 1785 quibus
789 1713 906 1770 haeresis
926 1711 1013 1768 latere
1037 1709 1119 1766 facile
1141 1708 1249 1784 potuit:

66 1804 107 1868 ‘td
124 1806 288 1867 hominibus
303 1809 435 1886 singulis,
449 1828 509 1867 non
522 1809 663 1876 conciliis,
679 1809 725 1866 vel
746 1808 887 1867 Ecclesia
908 1807 955 1864 lex
970 1806 1018 1862 illa
1031 1816 1076 1862 est
1095 1805 1253 1880 imposita;

63 1901 147 1962 wem
162 1904 275 1963 scilicet
293 1916 338 1962 est
361 1924 477 1981 semper
501 1906 630 1963 conciliis
657 1905 841 1963 oecumenicis
863 1913 892 1960 et
911 1902 1101 1961 Pontificibus
1127 1901 1249 1958 summis

63 2002 210 2068 unitus,
225 2004 291 2074 quie
306 2002 429 2061 Nicaeno
449 2011 480 2060 et
500 2001 820 2078 Constantinopolitano
834 2002 927 2077 primo
940 2000 1004 2067 fuit,
1024 1997 1093 2056 fidei
1117 1997 1250 2074 dogmata

63 2096 201 2168 antiquitus
216 2097 316 2155 tradita
334 2097 463 2174 pleniori
474 2098 612 2185 symboli
625 2098 830 2174 explicatione
836 2105 935 2160 conus
947 2092 1073 2154 hareses
1087 2112 1176 2153 nonas
1191 2093 1252 2158 viu-

62 2183 159 2256 urendi
179 2202 209 2251 st
222 2192 350 2255 tuendi-⁸·

98 2415 137 2479 (1)
154 2412 186 2462 L.
197 2412 224 2463 ii.
235 2413 324 2476 dialog.

91 2495 131 2565 (9)
148 2496 213 2547 vids
223 2496 354 2547 Patavium
363 2495 527 2547 do'l'riuitate
538 2498 606 2548 lvii
617 2513 638 2546 c.
646 2497 698 2550 αἱ.

86 2568 124 2640 (fil
140 2577 246 2651 cmliii
256 2579 306 2631 hoc
315 2579 439 2630 (iserdum
457 2579 485 2628 in
501 2580 610 2629 medium
622 2580 705 2629 afferre
717 2583 897 2627 consueverunt
915 2576 1087 2633 Protsstsntes,
1097 2581 1127 2623 ut
1137 2572 1259 2623 uocum...

59 2652 210 2723 ffletillooe
219 2663 345 2728 rejiciant:
363 2664 410 2728 ipsi
421 2671 503 2714 umen
511 2679 589 2713 novas
600 2663 762 2715 condiderunt
771 2662 829 2713 fidei
839 2661 1008 2726 professiones,
1019 2666 1045 2708 et
1055 2657 1173 2722 plurimos
1179 2670 1257 2707 exeo.

55 2741 186 2804 liturarum
195 2745 308 2799 articulos
319 2747 350 2797 tle
360 2747 449 2812 quibus
457 2747 512 2800 silet
523 2754 593 2797 vetus
604 2748 750 2811 symbolum.
778 2745 915 2796 Nobiscum
925 2744 1024 2808 iusuper
1040 2740 1183 2806 profitentur
1193 2737 1249 2802 Sp‘u
1284 2730 1289 2737 “

55 2824 129 2888 iilum
138 2829 253 2896 &uotum
265 2848 280 2884 a
291 2832 364 2884 Patre
375 2831 488 2899 Filioque
498 2831 634 2900 procedere..
