2744 5024
90 270 117 348 d
344 286 425 399 ‘nn
447 286 606 346 orvmrs
626 268 1015 347 ranunculorum(

91 444 255 520 descripsit¹
269 445 431 520 “apparuit
444 444 485 501 illi
507 445 536 500 in
549 442 663 502 deserto
677 444 782 502 montis
796 444 866 501 Sina
881 441 1206 519 Angelus-dieenet
1222 442 1287 521 Ego

90 557 156 598 aum
172 539 252 598 Deus
276 550 384 614 patrum
400 537 545 595 tuorum.”
588 539 665 596 Mira
684 537 800 610 quidem
823 538 996 595 familiaritas
1016 535 1185 594 exhibetur:
1209 544 1287 617 “pre

91 635 169 693 enim
184 634 218 691 ad
241 653 274 691 os
288 634 390 705 loquor
402 634 440 699 ei,
455 644 484 690 et
497 633 601 709 palam,
616 643 646 690 et
659 652 715 690 non
737 652 790 709 per
802 633 954 709 <enigmata
967 642 997 690 at
1008 632 1113 709 figurae
1127 630 1287 692 Dominum

92 728 216 787 ridet.”’
256 728 328 786 Haec
343 727 469 787 indicant
482 729 580 805 Moysi
593 729 734 806 objectam
747 728 835 786 luisse
849 729 977 804 speciem
992 727 1145 800 quandam,
1156 736 1187 784 et
1199 727 1287 786 claras
1302 722 1306 731 '

92 825 181 883 fuisse
195 824 394 890 revelationes,
409 825 445 881 iis
459 843 523 896 quae
544 843 595 901 per
610 825 723 882 somnia
736 824 782 881 vel
803 825 907 881 mentis
928 824 1055 881 visiones
1076 822 1184 881 fiebant
1203 822 1287 901 longe

92 923 319 980 manifestiores:
352 921 403 979 sed
432 921 486 979 alia
513 922 675 979 testimonis
702 921 823 978 suadent
849 939 907 978 non
934 921 1030 997 ipsum
1058 918 1154 977 mum
1182 919 1286 977 risum.

93 1017 277 1093 “Moyses,'’
300 1018 393 1090 inquit
413 1017 603 1093 Augustinus,
625 1024 646 1053 ‘⁸
657 1016 728 1073 vidit
752 1017 868 1084 nubem,
892 1015 1054 1092 Angelum
1080 1013 1150 1072 vidit
1169 1013 1287 1089 ignem3

92 1113 187 1170 omnis
209 1114 258 1170 illa
279 1123 407 1170 creatura
420 1123 481 1169 ectr
505 1121 607 1188 typum
629 1110 748 1168 Domini
769 1111 814 1167 aui
830 1111 956 1186 gerebat,
977 1126 1036 1166 non
1056 1108 1148 1185 ipsius
1170 1106 1289 1166 Domini

93 1211 273 1286 presentiam
298 1207 498 1266 exhibebat.”¹
545 1207 630 1275 Quod
653 1202 746 1265 a'utem
770 1207 903 1264 ,lustinus
926 1206 1032 1280 aliique
1056 1205 1157 1264 Patres
1182 1204 1289 1264 Filium

63 1356 79 1373 Ι
93 1304 187 1361 risum
211 1304 380 1363 Patriarchis
397 1305 569 1387 censuerint,
584 1322 635 1380 per
654 1303 795 1380 Angelum
810 1302 874 1378 ejus
898 1318 1048 1378 pomonam
1063 1313 1211 1379 geneum
1223 1318 1291 1360 con·

93 1397 193 1475 tigisse
207 1398 382 1457 censendum
397 1410 458 1456 est:
473 1400 536 1474 ipse
550 1399 626 1456 enirn
642 1398 793 1455 invisibilis
808 1415 890 1469 aeque
904 1415 937 1453 ac
951 1396 1037 1455 Pater
1049 1396 1111 1454 fuit
1125 1400 1130 1405 ”

136 1498 184 1554 17.
207 1494 507 1570 incomprehensibilis
528 1494 613 1551 etiarn
634 1494 714 1551 Deus
728 1503 781 1559 eat,
796 1493 903 1568 quippe
917 1510 1004 1564 quem
1023 1502 1122 1567 utpote
1135 1491 1290 1558 infinitum,

94 1592 190 1650 nullus
198 1603 308 1649 creatus
316 1593 476 1650 intellectus
485 1593 608 1668 cogitatu
619 1600 708 1648 toturn
717 1589 869 1665 complecti
880 1599 989 1665 potest:
1003 1598 1022 1624 ‘⁸
1032 1588 1110 1646 Ecce
1122 1585 1204 1645 Deus
1213 1603 1293 1664 mag·

94 1707 149 1747 nus
169 1690 287 1746 vincens
309 1690 456 1747 scientiam
473 1688 646 1747 nostram.”⁴
685 1687 763 1744 llinc
784 1705 990 1744 moriemurne
1011 1696 1117 1743 temere
1139 1685 1293 1744 scrutando

95 1785 157 1861 ejus
173 1784 311 1859 profunda
326 1802 494 1860 pereamus:
512 1794 531 1820 ‘⁴
544 1784 602 1850 Qui
620 1792 759 1839 scrutator
772 1793 817 1839 est
830 1781 997 1858 majestatis,
1009 1780 1187 1856 opprimetur
1200 1798 1218 1836 a
1231 1778 1292 1856 glo·

33 1952 38 1960 ⁵
95 1879 182 1938 ria.”³
222 1880 385 1952 Nequidem
401 1881 491 1938 sancti
506 1880 537 1937 iu
550 1881 624 1938 coelo
645 1879 740 1936 Deum
759 1872 874 1953 penitus
887 1875 1144 1952 comprehendunt,
1158 1874 1292 1947 quamvis

95 1977 223 2034 intimius
238 1995 302 2033 eum
319 1976 442 2043 videant,
457 1975 579 2047 ideoque
600 1992 773 2050 cognoscere
793 1991 860 2031 eum
874 1973 1004 2030 dicantur
1015 1991 1050 2030 ea
1070 1972 1178 2031 ratione
1192 1990 1251 2044 qua
1265 1983 1295 2029 et

96 2081 317 2147 cognoscuntur,
344 2069 473 2127 sednon
498 2069 600 2126 eodem
624 2069 805 2144 perfectionis
827 2068 926 2144 gradu.
976 2065 1055 2125 [linc
1080 2066 1233 2143 Augustini
1256 2065 1293 2123 de

96 2167 191 2224 Roma
210 2183 333 2236 sequens
355 2165 513 2241 propositio
534 2165 564 2222 in
585 2164 719 2222 Concilio
738 2164 900 2221 Basileensi
919 2163 1050 2220 damnata
1069 2177 1131 2220 est:
1156 2162 1294 2220 “Anima

97 2260 207 2319 Christi
231 2260 308 2317 videt
330 2261 424 2319 Deum
440 2272 496 2318 tam
518 2261 592 2318 clare
615 2273 644 2317 et
657 2261 779 2327 intense,
794 2271 929 2332 quantum
952 2259 1027 2316 clare
1041 2270 1070 2316 et
1083 2259 1196 2316 intense
1211 2256 1293 2318 Deus

98 2355 174 2414 videt
187 2355 345 2431 seipsum.''
386 2357 483 2416 Multo
504 2357 599 2413 minus
614 2356 670 2413 dici
687 2366 780 2431 potest
791 2355 891 2413 beatos
906 2355 1038 2412 homines
1054 2352 1151 2413 Deum
1166 2356 1206 2412 ita
1218 2354 1294 2412 clare

97 2461 126 2508 et
147 2452 257 2508 intense
273 2450 379 2509 videre.
421 2451 477 2509 Est
498 2451 584 2528 igitur
605 2450 912 2526 incomprehensibilis,
928 2449 970 2507 uti
991 2448 1157 2508 Concilium
1178 2448 1295 2508 Latera·

97 2559 186 2603 nense
201 2546 239 2602 iv.
255 2546 283 2602 in
298 2545 364 2602 fidei
379 2545 559 2621 expositione
574 2545 735 2621 professum
750 2557 803 2601 est.

141 2646 186 2699 18.
206 2641 301 2698 Deum
310 2653 445 2699 aternum
457 2659 533 2707 esse,
546 2642 652 2713 absque
665 2641 755 2704 initio,
766 2640 887 2706 velfine,
898 2648 1017 2698 conatu:
1028 2640 1126 2716 “Ego
1138 2636 1294 2707 Dominus,

99 2737 207 2813 primus
222 2749 250 2794 et
264 2739 437 2795 novissimus
452 2756 507 2813 ego
518 2736 630 2794 sum.”⁸
670 2735 813 2808 Equidem
829 2754 880 2792 ens
893 2736 1084 2815 necessarium
1098 2737 1181 2796 initio
1194 2747 1226 2794 et
1237 2737 1295 2795 fine

98 2846 190 2890 careat
211 2844 331 2909 oportet.
373 2833 512 2899 Quamvis
533 2843 627 2890 autem
648 2833 788 2890 aeternitas
809 2832 912 2889 mentis
932 2840 1035 2889 nostrae
1055 2832 1146 2890 aciem
1165 2831 1295 2910 effugiat,

100 2929 165 3004 ipsa
179 2943 273 2986 tamen
288 2932 360 2986 ratio
374 2929 473 2985 suadet
493 2947 544 2984 ens
559 2928 673 2998 aliquod
695 2944 811 3002 semper
830 2927 978 2994 extitissc3
1001 2945 1085 2984 secus
1096 2927 1173 2985 nulla
1186 2928 1295 2986 ratione

98 3024 210 3097 concipi
234 3034 328 3097 potest
349 3021 494 3092 quomodo
515 3021 696 3093 aliquotiens
719 3040 844 3093 unquam
859 3040 875 3077 e
889 3020 980 3079 nihilo
1004 3021 1117 3098 prodire
1131 3023 1296 3098 potuisset.⁷

99 3119 211 3174 Seriem
223 3118 362 3188 quandam
376 3118 514 3174 infinitam
530 3118 691 3194 excogitare
707 3118 812 3193 placuit
825 3118 957 3193 Spinosae
972 3118 1092 3190 aliisque
1104 3137 1113 3186 3
1128 3117 1181 3179 se'd
1194 3119 1296 3177 rationi

98 3214 265 3299 figmentum
279 3214 442 3289 hujusmodi
457 3225 605 3290 repugnat,
621 3227 649 3271 et
662 3214 697 3271 ad
708 3233 797 3274 uuum
812 3214 926 3287 aliquod
940 3233 1002 3280 ens,
1018 3235 1034 3272 a
1048 3233 1106 3288 quo
1120 3227 1223 3273 caetera
1236 3226 1296 3274 orta

99 3309 353 3375 sunt,'riecessarid
368 3309 577 3367 deveniendum
589 3314 656 3367 est.⁸
695 3310 765 3367 Jure
777 3311 862 3386 igitur
872 3310 1088 3368 Tertullianus:
1104 3319 1124 3347 ‘⁸
1135 3311 1208 3378 Quis
1223 3311 1295 3370 alius

99 3403 155 3461 Dei
178 3423 281 3461 census
297 3424 381 3476 quam
404 3406 570 3462 oeternitasl
592 3406 748 3477 quisalius
770 3406 935 3463 (eternitatis
959 3400 1058 3473 statuti,
1074 3424 1159 3478 quam
1182 3424 1296 3482 semper

100 3500 199 3569 luisse,
214 3510 243 3557 et
264 3500 388 3560 futurum
412 3521 487 3570 esse,
502 3521 539 3582 ert
560 3504 745 3580 praerogativa
766 3502 871 3561 nullius
889 3502 969 3589 ‘initii
990 3511 1020 3560 et
1040 3503 1145 3564 nullius
1171 3502 1296 3563 iiuisl”⁹

196 3748 277 3798 Erod.
289 3749 322 3798 iii.
337 3752 375 3799 rt.

197 3833 266 3882 Num
287 3835 328 3882 xii.
341 3839 364 3883 8.

198 3919 280 3970 Truct.
292 3922 335 3970 ΙΙΙ.
347 3923 372 3971 in
385 3922 455 3971 Joun.

196 4005 243 4053 Job
255 4006 339 4054 xxxvi.
351 4009 392 4053 20.

199 4090 269 4138 Prov.
282 4106 340 4137 xxv.
350 4094 390 4137 27.

135 4174 177 4239 (6)
199 4173 229 4221 ls.
242 4173 316 4220 atat.

134 4262 169 4316 (7;
189 4263 203 4286 “
213 4256 262 4316 Qu'
275 4257 291 4304 il
303 4272 319 4319 y
332 4260 365 4305 ait
377 4273 411 4305 un
423 4257 475 4305 seul
493 4262 644 4306 momentote
656 4258 705 4306 rien
719 4274 750 4306 ne
762 4257 815 4316 soit,
827 4259 1007 4307 eternellement
1020 4258 1071 4307 rien
1083 4274 1114 4308 ne
1126 4258 1203 4308 sera.”
1238 4259 1295 4308 Bos·

99 4349 154 4389 suet
164 4339 248 4389 Traitd
261 4341 290 4390 de
303 4342 326 4390 la
337 4344 511 4391 cotttraissanue
521 4343 552 4392 de
564 4341 628 4391 Dicu
640 4343 704 4392 etde
716 4343 851 4400 sot-mma,
863 4344 901 4391 ch.
913 4344 944 4392 iv.
958 4347 980 4402 ᾗ.
996 4359 1019 4392 v.
1095 4357 1099 4363 ·

29 4454 31 4460 ·
134 4430 172 4487 (8)
191 4424 280 4475 Clariae
291 4427 328 4476 ch,
342 4428 385 4476 111.

135 4513 173 4574 (9)
191 4509 285 4592 (luntre
297 4513 413 4575 Hermog.
425 4513 487 4563 civ·
571 4563 573 4568 .
