2730 5018
109 244 165 301 174
336 238 393 301 DE
414 237 665 302 DIVINITATE
685 233 877 302 srtntrtts
897 238 1065 305 SANCTI.

105 395 207 464 ruisse,
222 394 272 454 sed
297 405 399 474 typum
421 396 573 470 quemdam
594 405 623 454 et
650 397 807 474 imaginem
823 416 888 457 csse
914 399 1059 477 baptismi.
1101 399 1193 458 Nullo
1221 395 1312 457 modo

106 492 212 552 nubam
225 503 254 550 et
267 508 344 551 mars
358 511 424 551 eum
440 494 547 568 Moyse
560 493 718 569 conjungit,
734 503 819 570 prout
838 496 1022 572 conjungitur
1033 495 1160 573 Spiritus
1184 494 1317 552 Sanctus

106 600 172 647 cum
186 589 270 647 Patre
281 597 311 646 et
323 588 399 647 Filio
413 588 444 645 iu
458 587 593 663 baptismi
607 586 738 646 formula.
1336 656 1340 669 Ι

145 686 195 743 88.
220 681 288 761 (toja
303 685 333 740 9.
354 682 492 741 Formula
516 682 649 757 baptismi
674 697 854 755 nequaquam
881 685 981 761 probat
1006 684 1145 760 Spiritum
1168 683 1311 740 Sanctum

106 780 245 854 &qualem
256 778 343 846 Patri3
354 797 419 837 uam
429 788 637 836 consueverunt
645 779 798 855 scriptores
808 779 882 837 sacri
896 799 953 847 res,
966 780 1009 839 vel
1024 798 1176 856 personas,
1189 778 1311 835 omnino

106 877 235 953 dispares
259 877 333 934 inter
355 893 387 932 se
412 875 604 950 conjungerer
633 873 855 934 “*Credidemut
879 876 1017 943 Domino,
1042 885 1071 933 et
1096 874 1200 951 Moysi
1223 892 1309 932 servo

106 969 219 1049 ejus.’'¹
259 972 379 1030 “Nunc
394 971 631 1029 commendoms
653 971 727 1040 Deo,
748 983 778 1029 et
794 973 879 1031 verbo
899 973 995 1049 gratim
1018 970 1157 1049 ipsi'usa'’¹
1192 974 1219 1007 ‘⁸‘
1231 968 1333 1029 eona.

51 1146 60 1158 ἱ
106 1066 251 1126 sortamini
264 1065 296 1125 in
309 1065 446 1134 Domino,
461 1067 533 1123 etin
548 1067 674 1142 potentia
689 1066 798 1124 virtutis
813 1066 927 1142 ejus.'’⁸
965 1067 1009 1125 lia
1023 1052 1204 1124 Wnlleliusz

34 3486 69 3575 lx.

36 3584 74 3661 1..-

35 3662 53 3855 l
94 3916 97 3921 Α

147 1166 197 1221 Sd.
217 1162 307 1241 Rerp.
322 1162 566 1235 Quandocumque
580 1161 707 1239 dispares
722 1171 870 1239 personas,
886 1163 930 1221 vel
941 1181 997 1230 res,
1007 1164 1143 1240 conjungi
1155 1151 1309 1238 contingit,

107 1260 261 1319 discrimen
276 1260 410 1328 innuitur,
426 1261 481 1318 nisi
495 1260 564 1318 alias
578 1260 745 1318 innotescat:
788 1261 838 1319 Sic
851 1261 942 1334 liquet
957 1261 1057 1338 Moysi
1071 1260 1153 1319 crcdl·
1162 1268 1308 1332 tamquam

109 1356 228 1416 Domini
239 1355 364 1414 famulo:
383 1355 482 1413 fideles
495 1357 580 1414 verbo
589 1357 684 1432 gratiae
696 1356 801 1414 divina
811 1357 1016 1424 commendari,
1032 1368 1062 1414 ut
1075 1356 1189 1415 caelesti'
1197 1355 1309 1413 setninc

23 1476 28 1485 ·
107 1463 229 1522 servato,
253 1453 317 1512 Deo
338 1451 396 1510 sint
409 1453 498 1529 grati:
521 1470 628 1525 eosque
643 1453 766 1510 roborari
788 1454 817 1510 in
839 1453 978 1522 Domino,
1001 1453 1136 1511 divinitus
1161 1451 1308 1511 concessis

107 1569 167 1609 son
182 1549 330 1627 potestatis
344 1548 469 1606 auxiliis.
511 1548 584 1606 Haec
599 1549 705 1606 nullam
717 1548 912 1608 difficultatem
926 1550 1051 1609 faciunt:
1073 1550 1125 1609 sed
1139 1551 1170 1609 in
1184 1566 1308 1607 errorem

106 1646 268 1707 necessario
282 1645 490 1713 induceremur,
506 1646 531 1702 si
541 1645 664 1722 Spiritus
679 1645 801 1704 Sanctus
811 1647 889 1704 Patri
899 1665 957 1704 nou
967 1659 1044 1705 esset
1056 1646 1186 1719 aequalis,
1198 1657 1227 1703 ct
1236 1645 1308 1703 nihi·

108 1745 234 1804 lominus
248 1760 314 1801 cum
328 1743 393 1819 ipso
404 1752 434 1800 et
447 1742 522 1800 Filio
533 1754 728 1801 recenseretur
738 1743 767 1801 in
779 1743 912 1820 baptismi
923 1744 1054 1812 formula,
1066 1744 1183 1802 nomine
1194 1742 1309 1819 eodem,

109 1842 219 1900 scilicet
232 1840 396 1898 auctoritate
410 1837 521 1906 eadem,
542 1839 619 1897 nullo
634 1838 708 1896 sacto
723 1838 897 1898 discrimine.

148 1941 197 1996 90.
214 1936 282 2016 Obj.
299 1940 345 1994 10.
368 1935 496 1995 Hilarius
509 1935 594 1993 dicit:
618 1936 791 2012 “baptizare
801 1936 891 2013 jussit
899 1936 928 1995 iu
940 1937 1056 1995 nomine
1072 1936 1179 2003 Patris,
1189 1936 1308 2005 etFilii,

107 2052 137 2095 et
157 2018 282 2112 Spiritus
308 2032 416 2101 Sancti,
431 2031 460 2090 id
475 2043 528 2100 est,
543 2032 573 2089 in
587 2031 766 2091 consessione
781 2042 809 2090 et
822 2033 955 2100 aucturis,
978 2042 1006 2089 ot
1023 2031 1174 2109 unigeniti,
1189 2043 1218 2090 ct
1238 2031 1307 2091 doni

108 2133 301 2188 Auctorunus
326 2138 370 2186 est
393 2127 522 2186 omnium
545 2168 553 2186 .
576 2169 584 2186 .
608 2168 616 2185 .
639 2170 647 2185 .
670 2136 698 2184 et
712 2145 785 2185 unus
810 2127 926 2204 spiritus
946 2125 1054 2185 donum
1074 2127 1106 2186 in
1124 2127 1309 2186 omnibus.”⁴

110 2226 250 2286 Praeterea
264 2244 330 2284 eum
344 2243 501 2297 numquam
515 2225 640 2301 appellat
653 2224 760 2283 Deum.

148 2326 197 2381 91.
220 2321 310 2400 Resp.
333 2320 400 2398 lpse
423 2320 551 2379 Hilarius
575 2321 641 2379 alibi
667 2319 755 2379 dicit:
786 2321 995 2398 “baptizantur
1017 2330 1111 2379 autem
1136 2322 1165 2379 in
1191 2323 1311 2383 nomine

82 2460 85 2465 ·
107 2421 211 2489 Patris,
226 2428 255 2479 ct
278 2419 355 2486 Filii,
370 2428 399 2475 et
422 2417 546 2494 Spiritus
559 2418 672 2476 Sancti:
694 2429 725 2476 ut
744 2437 866 2491 quorum
890 2429 933 2475 est
953 2437 1011 2475 una
1032 2416 1175 2485 diviuitas,
1192 2418 1239 2481 sit
1252 2436 1310 2477 uns

107 2516 237 2594 largiti03
260 2532 420 2586 nomenque
436 2513 585 2570 Trinitatis
600 2532 673 2570 unus
688 2513 768 2572 Deus
782 2514 874 2572 est.''⁸
913 2513 1003 2590 igitur
1013 2513 1119 2573 donum
1134 2523 1228 2582 vocat,
1240 2514 1311 2588 quia

108 2611 188 2670 datur
203 2610 285 2668 nobis
300 2619 331 2667 ut
343 2608 506 2666 charitatem
522 2608 550 2665 in
566 2608 651 2665 corde
664 2607 814 2667 diffundat.
855 2607 940 2666 Nihil
960 2609 1052 2667 obstat
1066 2607 1143 2682 quod
1158 2628 1228 2668 voce
1250 2609 1310 2668 Dei

111 2720 170 2768 non
183 2718 277 2765 utatur
290 2696 430 2772 Hilarius,
446 2715 534 2777 quum
549 2704 724 2762 divinitatem
746 2705 869 2781 Spiritus
884 2705 983 2762 Sancti
997 2715 1142 2783 agnoscat.
1185 2707 1235 2764 Sic
1256 2707 1313 2766 Pa-

115 2818 184 2864 trem
194 2803 359 2876 alloquitur:
376 2800 543 2860 “Profunda
554 2810 600 2857 tua
610 2799 731 2858 Sanctus
741 2801 864 2876 Spiritus
875 2812 949 2867 tuus,
961 2799 1117 2858 secuudum
1127 2802 1313 2877 Apostolum,

110 2911 249 2959 scrutatur
263 2910 291 2956 et
304 2897 392 2965 novit,
408 2911 436 2961 et
449 2897 642 2973 interpellator
657 2915 708 2973 pro
731 2915 777 2954 me
793 2907 858 2954 tuus
880 2897 1077 2955 inenarrabilia
1101 2916 1118 2954 a
1137 2916 1184 2955 me
1197 2899 1248 2956 tibi
1269 2899 1313 2957 lo·

110 2999 205 3071 quitur
215 3016 229 3057 :,
245 3006 273 3057 et
287 3012 341 3070 ego
355 3004 459 3050 naturae
474 3011 532 3050 suae
547 3011 585 3050 ex
599 3003 626 3048 tc
641 3011 692 3067 per
705 2993 979 3068 unigenitum-‚tuum
994 2996 1135 3051 manantis
1150 2980 1312 3070 potentiam

110 3090 260 3149 creationis
275 3089 390 3145 nomine
405 3105 464 3144 non
479 3086 564 3144 modo
578 3087 703 3159 eloquar,
719 3085 770 3144 sed
786 3087 871 3144 etiam
887 3086 1051 3146 infamabo?
1093 3088 1182 3146 Nulla
1200 3098 1238 3157 te,
1253 3090 1315 3147 nisi

111 3206 155 3246 res
172 3198 219 3244 tua
232 3194 375 3262 penetrat:
392 3201 444 3241 nec
457 3182 628 3258 profundum
642 3184 789 3240 immensa
800 3184 955 3261 majestatis
970 3201 1034 3252 tum,
1048 3187 1214 3263 peregrinae,
1226 3197 1313 3261 atque

110 3275 209 3340 alienae
231 3300 248 3337 a
270 3290 296 3336 t‘e
321 3277 430 3334 virtutis
456 3295 541 3333 causa
565 3277 688 3334 metitur,
731 3277 828 3335 Tuum
854 3288 898 3359 est
912 3278 1058 3352 quidquid
1073 3290 1099 3338 te
1121 3281 1199 3339 init:¹
1214 3299 1312 3354 neque

112 3379 236 3436 alienum
251 3395 267 3432 a
281 3381 308 3435 te
323 3383 376 3439 est,
391 3371 530 3444 quidquid
546 3373 645 3430 virtute
661 3375 811 3432 scrutantis
832 3375 953 3432 inest.’'⁰

150 3479 199 3532 92.
226 3472 292 3550 obj.
319 3473 364 3527 11.
387 3469 419 3526 S.
442 3469 568 3527 Basilius
595 3481 711 3528 testatur
735 3471 912 3549 Dionysium
937 3472 1163 3531 alexandrinum
1188 3491 1311 3551 negasse

111 3572 249 3647 Spiritum
265 3570 400 3625 Sanctum
416 3581 480 3624 esse
495 3565 590 3625 Deum
602 3568 625 3635 ;7
640 3567 759 3643 ipseque
774 3586 930 3641 numquam
952 3586 1017 3626 eum
1033 3568 1129 3626 Deum
1153 3580 1311 3645 nuncupat,

110 3689 127 3727 a
142 3666 283 3742 Gregorio
299 3663 487 3720 Nazianzeno
503 3662 566 3719 idco
581 3661 733 3720 laudatus.⁸

150 3767 198 3821 93.
220 3761 309 3838 Resp.
331 3759 445 3817 Felcllit
468 3759 607 3818 Basilium
634 3760 707 3816 sama
722 3759 872 3828 mendax;;
887 3769 998 3820 constat
1012 3763 1089 3855 enirn
1114 3780 1151 3819 ex
1172 3761 1312 3838 Dionysii

377 3939 413 4001 (l)
431 3939 511 4007 Exod:
528 3938 577 3987 xiv.
590 3940 630 3986 31.
734 3958 737 3963 ·

375 4028 413 4086 (2)
431 4025 487 4073 Act
498 4039 541 4071 xx.
553 4025 593 4070 ³2.

374 4109 410 4171 (3)
429 4109 494 4173 pr.
505 4108 537 4156 vi.
552 4111 603 4165 10„

363 4176 411 4255 ’(4)
429 4192 468 4241 oe
479 4190 600 4240 runnu
611 4191 626 4239 ι.
638 4191 662 4239 u.
674 4207 698 4238 n.
714 4193 734 4239 1.

356 4342 360 4348 ⁶
374 4281 410 4340 (5)
428 4276 468 4325 nd
481 4277 572 4326 calcem
584 4273 681 4324 Corum.
692 4274 719 4323 in
731 4273 818 4324 March.
846 4267 848 4272 ’

374 4367 411 4425 (6)
428 4363 467 4412 De
479 4361 600 4411 Trinium
611 4363 626 4410 l.
637 4361 680 4411 xil.
692 4377 717 4411 n.
732 4363 772 4409 55.

373 4452 410 4511 (t)
430 4447 528 4512 Eptt.

370 4536 408 4596 (8)
427 4531 493 4582 Orat.
506 4535 546 4582 20.
