2744 5024
312 258 368 322 nu
390 259 516 321 nouis
536 259 744 320 ornemus
765 257 1045 318 srecramnus.
1219 219 1305 323 aas.
1333 252 1340 261 ·

73 435 155 486 mus,
169 428 199 476 et
219 421 328 477 secreti
352 417 466 477 Patrem
490 417 631 475 caelestem
657 417 865 483 invocaremus,
887 415 964 473 certd
989 410 1171 473 exaudiendi.
1214 404 1316 495 ily-¹

71 512 198 588 pocritis
234 511 385 581 damnatis,
413 512 463 586 qui
487 512 518 570 iu
545 511 673 569 vicorum
700 510 813 587 angulis
841 510 935 586 palam
963 509 1080 567 orabant
1107 516 1139 565 ut
1166 504 1307 587 pietatis,
1333 578 1336 583 Ι

74 606 246 683 opinionem
262 607 456 688 conciliarent,
468 607 524 665 ait:
547 615 567 643 ‘⁴
577 606 624 663 Tu
640 615 733 664 autern
749 622 813 662 cum
829 604 964 672 oraveris,
979 604 1053 662 intra
1066 604 1097 662 io
1116 592 1279 665 cubiculum

75 710 171 768 tuum,
186 711 215 760 et
227 701 326 779 clauso
339 703 424 769 ostio,
439 721 488 760 ora
500 703 615 760 Patrem
636 712 716 759 tuum
743 701 773 758 in
794 698 970 767 abscondito,
985 708 1015 756 ct
1035 698 1120 757 Pater
1134 706 1210 767 tuus,
1220 694 1222 705 '
1231 698 1281 771 qui

78 795 159 853 videt
172 797 202 856 in
212 797 389 864 abscondito,
404 797 502 855 reddet
516 796 611 855 tibi.'’¹
1196 840 1200 852 .

116 895 189 951 47⁶.
208 891 372 950 Formulam
393 909 511 967 precum
525 891 686 967 simplicem
702 889 753 948 sed
774 890 908 948 eximiam
930 889 1044 948 tradidit
1059 889 1206 957 Christus,
1226 905 1280 948 eos

76 984 290 1062 reprehenderas
314 987 364 1060 qui
385 987 462 1045 inani
486 987 636 1045 verborum
662 984 841 1044 multitudine
862 995 891 1042 et
914 985 1065 1062 elegantia,
1086 985 1280 1043 Ethnicorum

77 1083 178 1146 instar,
194 1083 402 1160 gloriabamur:
426 1093 445 1120 ‘⁴
457 1083 508 1142 Sic
522 1102 590 1160 ergo
604 1101 656 1140 vos
671 1083 804 1140 orabitis:
829 1082 912 1141 Pater
920 1092 1018 1140 noster
1030 1080 1123 1140 eto.’'¹

120 1182 196 1250 477.
217 1175 362 1245 Humilia,
374 1176 511 1256 feruens,
536 1176 661 1236 assidua
680 1185 792 1252 oportet
814 1186 845 1235 ut
865 1177 903 1234 sit
924 1176 1012 1235 oratio
1026 1175 1062 1235 ad
1085 1174 1199 1233 felicem
1218 1175 1283 1252 ejus

77 1269 226 1328 effectum.
258 1264 316 1338 Qui
330 1282 447 1347 peccato
461 1266 588 1328 addictus
602 1281 672 1339 orat,
685 1270 726 1328 nil
737 1271 793 1328 sibi
808 1270 911 1347 poterit
921 1269 1060 1347 polliceri,
1070 1270 1127 1328 nisi
1141 1265 1280 1328 a'uxilium

77 1376 187 1437 quaerat
202 1365 330 1424 divinum
345 1385 402 1439 quo
416 1366 528 1423 animus
542 1385 558 1422 a
573 1377 689 1440 peccato
704 1366 889 1422 abstrahatur.
931 1366 989 1432 Qui
1005 1366 1102 1441 justus
1116 1374 1170 1433 est,
1182 1365 1280 1423 omnia

78 1461 212 1533 quaesibi
226 1460 261 1518 ad
276 1461 386 1519 virtutis
400 1432 488 1538 operh
503 1472 531 1519 et
545 1461 580 1518 ad
594 1462 714 1519 salutem
727 1461 887 1519 necessaria
900 1470 976 1530 sunt,
990 1463 1093 1538 poterit
1106 1462 1276 1537 impetraret

76 1567 107 1614 et
121 1556 176 1614 alia
190 1576 379 1630 quecumque
394 1557 430 1615 ad
451 1557 577 1616 divinam
598 1558 717 1635 gloriam
736 1557 903 1625 reseruntur,
921 1558 1006 1634 justa
1019 1576 1161 1635 supreme
1176 1558 1273 1634 provi·

76 1651 182 1710 dentiae
207 1645 348 1711 ordinem.
390 1653 471 1711 Bona
493 1652 586 1711 autem
612 1653 697 1729 hujus
724 1653 786 1710 vitm
808 1652 884 1711 haud
904 1651 981 1710 certb
1002 1652 1180 1729 expectanda
1200 1661 1278 1722 sunt,

77 1764 169 1818 quum
183 1765 302 1823 regnum
318 1747 373 1804 Dei
388 1747 425 1804 sit
439 1748 581 1823 imprimis
595 1747 814 1820 exquirendum,
828 1745 899 1804 illud
921 1744 989 1804 verb
1004 1756 1089 1823 prout
1109 1746 1173 1804 Deo
1187 1747 1284 1807 visum

79 1841 175 1908 suerit,
204 1852 234 1899 et
257 1842 339 1900 nobis
364 1841 489 1900 futurum
512 1846 550 1900 sit
564 1842 599 1900 ad
620 1842 741 1899 salutem
756 1842 834 1899 utile.
876 1841 955 1908 Quas
977 1859 1029 1917 pro
1051 1841 1114 1898 aliis
1136 1839 1282 1900 fundimus

79 1954 181 2011 preces
194 1936 387 2015 exaudiendas
411 1955 476 1995 esse
498 1937 666 2016 plerumque
689 1936 871 2013 sperandum,
886 1937 943 1994 nisi
963 1938 1038 1994 obex
1058 1936 1092 1994 ab
1115 1936 1171 1993 illis
1186 1935 1282 2012 gratiae

77 2031 186 2091 divinae
199 2033 360 2108 objiciatur,
376 2044 460 2108 prout
472 2052 550 2110 saepe
564 2034 724 2110 contingit:
746 2032 811 2091 ideo
823 2032 968 2091 adnotavit
981 2033 1157 2110 Augustinus
1170 2052 1177 2090 :
1202 2041 1221 2068 “
1231 2049 1282 2091 ex·

77 2125 233 2186 audiuntur
247 2147 348 2186 omnes
362 2129 452 2187 sancti
468 2148 520 2205 pro
535 2130 650 2205 seipsis,
665 2147 722 2186 non
744 2140 838 2187 autem
862 2147 913 2206 pro
927 2130 1060 2187 omnibus
1082 2127 1282 2197 exaudiuntur,

78 2221 126 2278 vel
150 2223 262 2290 amicis,
277 2223 322 2282 rel
344 2225 470 2282 inimicis
494 2225 566 2289 suis,
589 2225 634 2281 vel
659 2225 832 2296 quibuslibet
855 2224 929 2290 aliie,
951 2225 1019 2296 quia
1042 2242 1101 2282 non
1123 2235 1279 2298 utcumque

73 2315 250 2376 dictumest:
264 2317 371 2386 ‘dabit’
379 2317 431 2375 sed
443 2317 530 2376 ‘dabit
539 2318 666 2379 vobis.’'¹
686 2319 787 2377 [most
797 2319 955 2396 Apostolus
964 2319 1091 2378 Joannes
1101 2320 1280 2399 monuitupu

74 2423 157 2471 certo
179 2413 336 2471 audiendas
361 2433 460 2491 preces
483 2433 555 2488 quas
583 2435 635 2492 pro
662 2417 830 2493 gravissime
854 2416 1085 2490 delinquentibus
1108 2417 1279 2479 offerimus:

76 2516 100 2543 “
112 2506 185 2565 Haec
209 2518 254 2565 est
266 2508 370 2566 fidncia
383 2528 467 2581 quam
483 2510 621 2567 habemus
646 2511 680 2567 ad
695 2530 780 2568 eum:
803 2512 878 2576 Quia
891 2511 1092 2584 quodcumque
1106 2514 1274 2587 petierimus

74 2601 238 2660 secundum
248 2603 419 2661 voluntatem
433 2603 663 2679 ejus,auditnos.
687 2605 726 2662 Et
737 2605 844 2661 scimus
857 2605 923 2674 quia
934 2602 1011 2659 audit
1020 2621 1073 2659 nos
1080 2603 1219 2675 quidquid
1228 2622 1277 2680 pe·

77 2694 220 2753 tierimus:
230 2697 338 2754 scimus
350 2698 485 2769 quoniam
495 2697 632 2754 habemus
647 2697 798 2771 petitiones
813 2714 883 2768 quas
898 2695 1075 2771 postulamus
1090 2695 1124 2752 ab
1137 2714 1182 2752 eo.
1219 2696 1279 2763 Qui

75 2791 134 2848 scit
147 2789 261 2849 fratrem
272 2811 357 2850 suum
373 2811 489 2868 peccare
501 2802 648 2868 peccatum
664 2810 721 2849 non
736 2791 770 2848 ad
783 2790 916 2859 mortedi,
929 2798 1014 2865 petat,
1027 2799 1055 2846 et
1066 2788 1209 2848 dabiturei
1222 2792 1280 2850 vita

76 2887 210 2962 peccanti
224 2906 281 2944 non
297 2887 331 2944 ad
347 2897 477 2946 mortem.
511 2889 566 2946 Est
586 2897 733 2964 peccatum
749 2881 784 2944 ad
805 2895 937 2950 mortem,
952 2903 1010 2943 non
1031 2903 1084 2960 pro
1098 2884 1147 2943 illo
1162 2884 1228 2946 dico
1249 2898 1295 2969 ut¹

78 2993 163 3058 roget
182 2965 297 3054 quis.”⁴
840 3039 842 3043 .

119 3081 192 3138 478.
215 3079 334 3137 Publica
347 3080 483 3138 orationis
497 3079 617 3138 formula
633 3080 662 3138 in
684 3080 749 3139 Deo
762 3078 884 3138 colendo
907 3079 942 3136 ab
965 3079 1038 3155 ipsis
1059 3078 1221 3154 primordiis
1241 3082 1284 3140 rei

75 3172 241 3230 christiane
265 3183 376 3231 serrata
398 3173 516 3241 videtur,
538 3185 636 3232 extant
656 3176 732 3233 enim
755 3174 907 3252 Liturgie
927 3174 1133 3245 antiquissimae
1160 3195 1282 3249 quarum

77 3268 239 3327 substantia
252 3269 498 3346 adapostolicam
513 3280 624 3330 aetatem
644 3271 720 3330 haud
740 3281 847 3330 temere
861 3271 990 3340 refertur,
1006 3271 1046 3328 uti
1060 3271 1117 3348 ipsi
1130 3271 1285 3334 adversarii

77 3363 229 3421 fatentur.l
268 3365 375 3423 Praeter
389 3365 568 3423 sacrificandi
583 3386 687 3424 munus
713 3378 923 3426 consueverunt
943 3368 1104 3427 sacerdotes
1113 3374 1188 3443 bum
1198 3371 1279 3432 fideli

77 3457 189 3532 populo
199 3456 310 3515 divim
323 3449 425 3517 canere
438 3458 537 3516 laudes
552 3460 631 3519 statis
646 3459 703 3517 diei
724 3461 874 3531 noctisque
889 3461 976 3524 horis,
990 3461 1114 3518 Psalmis
1129 3463 1279 3525 Davidiois

79 3553 258 3629 hymnisque
286 3555 385 3622 sacris,
407 3574 463 3613 una
483 3574 548 3614 cum
570 3556 723 3631 Scripturas
744 3556 891 3627 utriusque
906 3555 1086 3615 Testamenti
1100 3556 1282 3635 lectionibus,

76 3659 237 3726 martyrum
246 3650 330 3708 rebus
344 3651 442 3728 gestis,
452 3660 482 3709 et
490 3661 598 3728 patrum
608 3652 731 3730 egregiis
744 3652 859 3729 scriptis
874 3649 1007 3708 adhibitis
1023 3659 1056 3709 ut
1069 3649 1210 3712 sereretur
1220 3656 1281 3732 pie·

113 3838 160 3903 (1)
178 3839 251 3889 Matt.
261 3839 293 3889 vi.
306 3842 330 3889 6.

115 3921 160 3987 (2)
180 3920 240 3972 Ibid.
250 3939 275 3973 v.
286 3925 310 3973 9.

115 4007 160 4071 (³)
179 4005 259 4058 Serra.
269 4023 295 4058 v.
302 4007 333 4058 de
340 4008 420 4058 verbis
431 4007 542 4061 Domini.

118 4092 163 4157 (4)
182 4091 202 4142 1.
212 4092 285 4142 Joan.
296 4109 321 4143 v.
335 4095 373 4143 14.
923 4145 926 4148 ,

115 4178 158 4242 (5)
177 4183 192 4208 “
201 4177 242 4227 On
259 4177 301 4228 the
312 4177 400 4237 whole,
411 4177 479 4237 thes,
489 4177 510 4228 it
526 4186 628 4243 appears
638 4177 692 4227 that
709 4175 737 4225 oi
752 4173 795 4225 the
809 4173 919 4236 existim
929 4172 1060 4238 Literna,
1071 4191 1127 4238 oua
1137 4176 1185 4227 vis.
1193 4174 1247 4229 ibet
1257 4179 1288 4229 os
1315 4204 1321 4214 „

75 4264 116 4312 St.
127 4261 203 4321 basil,
214 4262 298 4311 nube
309 4262 390 4312 traoed
397 4261 458 4311 with
470 4263 582 4312 tolerabls
594 4261 711 4324 certainty
719 4267 744 4310 to
755 4259 797 4309 the
806 4258 888 4308 murth
904 4266 1015 4324 century,
1027 4260 1075 4311 and
1086 4261 1154 4311 three
1162 4259 1249 4319 others,
1256 4268 1283 4312 te
1297 4298 1306 4325 ,

73 4347 121 4398 the
136 4345 226 4395 middle
242 4345 272 4395 os
285 4346 326 4396 the
337 4345 406 4404 fihha
422 4345 472 4395 and
483 4345 537 4396 that
548 4346 684 4411 respecting
694 4345 763 4395 mese
779 4343 846 4393 three
866 4343 1006 4394 straditiorr
1021 4344 1151 4409 prevailsd,
1161 4344 1283 4407 ucribing

71 4446 127 4484 ons
138 4431 166 4480 of
173 4431 241 4482 them
251 4439 277 4482 to
288 4431 330 4481 the
341 4431 443 4495 Apostle
452 4431 480 4480 ot⁴
487 4431 523 4482 St.
534 4432 627 4493 James,
634 4431 736 4482 mother
747 4437 772 4480 to
783 4429 820 4479 St
832 4428 911 4490 Meda,
921 4429 969 4478 and
980 4429 1023 4480 the
1031 4429 1095 4480 third
1106 4435 1132 4480 to
1140 4428 1177 4480 St
1184 4429 1281 4482 Pctus

73 4515 175 4568 Orford
185 4514 274 4566 Tracta
286 4516 336 4566 No.
350 4519 391 4566 63.
408 4515 464 4566 Vol.
475 4515 501 4565 ii.
596 4573 608 4595 ,χ
