2744 5024
21 270 137 385 Arg
258 362 274 387 ‚
410 269 466 337 na
488 269 632 339 uuum
653 267 911 333 camerone.

77 418 161 509 ,affl
194 502 199 513 1
265 427 1260 508 ollula:anteuolamconditumexinterapotcenajamrisqu'arriturr

61 510 192 619 §ierim
202 526 283 595 mn
301 527 425 606 Physiai
436 525 569 601 hui'urul
581 527 677 586 lucem
691 547 708 585 a
720 528 783 585 sule
796 526 984 604 distinguunt,
997 544 1120 600 eamque
1138 525 1260 585 ssnldum

61 612 282 703 mum'mju·
295 624 500 687 vibrationibna
508 623 554 684 rol
565 633 724 697 ceteraque
737 642 858 700 corpora
870 623 1021 683 mmilasta
1034 624 1116 691 fiunt,
1131 623 1261 682 docent.1

61 723 108 782 De
126 740 161 783 oa
170 708 370 800 'Augustinusr
393 730 412 759 “
425 739 484 795 quo
504 719 661 779 alternante
676 735 765 788 motu,
781 720 954 793 qualemque
967 735 1118 795 vesperam
1132 731 1162 777 et
1176 736 1261 778 mane

61 819 170 890 lacent,
179 830 322 880 remotum
336 828 405 879 esta
418 816 665 885 mbmnoatris
686 821 703 855 ¹¹
725 821 742 855 ⁴
762 819 779 855 ¹*
799 820 816 854 ¹
836 826 932 875 tamm
940 818 1003 875 aine
1013 816 1070 875 ulla
1080 816 1262 876 haesitatione

62 915 236 978 eradendum
250 914 342 975 est”⁸

101 1017 150 1072 66.
166 1011 314 1073 Nonnulla
322 1030 386 1086 quaa
396 1009 601 1069 adMosaioam
610 1009 798 1069 narrationem
810 1007 846 1066 de
857 1009 919 1066 sole
929 1019 1030 1082 quarto
1039 1007 1262 1077 diacondito,et

62 1110 98 1171 do
111 1100 293 1173 numeru
305 1108 457 1187 pertinent,
467 1108 537 1166 aliar
547 1108 762 1184 exposuimus·
788 1106 1148 1183 Augustiuitestimonium
1162 1106 1210 1164 hic
1220 1123 1261 1164 re·

62 1207 136 1267 serre
147 1207 250 1284 placet,
261 1213 293 1264 ut
304 1213 400 1281 pateat
419 1202 586 1281 hujusmodi
599 1202 816 1280 explicationes,
827 1220 898 1275 quaa
912 1202 1094 1261 scientiarum
1106 1201 1262 1263 cultoribus

62 1299 306 1369 offerimua,haud
318 1300 431 1376 penitus
443 1299 560 1358 latuisse
573 1310 682 1357 veteres
694 1298 872 1375 interpretes,
884 1316 940 1356 nec
952 1299 1134 1376 improbatas.
1157 1307 1178 1334 “
1187 1297 1261 1357 Lau-

62 1397 192 1459 debilitor
202 1395 499 1470 conatnsestquidam
510 1395 705 1454 demonstrare
717 1412 806 1468 aquas
821 1412 908 1471 auper
918 1395 1007 1453 celos
1029 1437 1038 1452 .
1061 1436 1068 1452 .
1093 1435 1100 1452 .
1124 1436 1131 1452 .
1155 1395 1196 1453 Et
1205 1395 1262 1471 pri·

62 1513 143 1557 mum
154 1493 281 1569 quidem,
291 1492 367 1567 quod
379 1493 546 1552 facillimum
559 1492 622 1560 fuir,
631 1491 757 1551 ostendit
766 1503 796 1549 at
809 1492 887 1550 hunc
896 1510 991 1551 aerem
1000 1493 1103 1551 coelum
1113 1492 1261 1568 appellari.

64 1589 141 1650 Cum
155 1608 224 1668 ergo
244 1590 395 1667 probasset
414 1589 491 1646 hunc
505 1606 600 1646 aerem
615 1587 719 1647 mulum
741 1587 809 1654 dici,
824 1588 902 1645 nulla
923 1588 979 1646 alia
992 1606 1080 1646 carrea
1100 1589 1186 1645 etiam
1201 1588 1263 1646 Fir·

62 1696 238 1754 momentum
252 1684 344 1745 voluit
356 1683 526 1752 existimari,
540 1683 599 1743 nisi
613 1683 682 1756 quia
701 1683 880 1741 intervallum
896 1685 960 1760 ejus
974 1683 1076 1741 dividit
1088 1684 1163 1741 inter
1175 1701 1264 1756 quos·

62 1785 130 1847 dam
149 1801 270 1862 vapores
287 1800 434 1856 aquarum,
449 1791 479 1843 et
499 1783 568 1840 istas
589 1798 682 1853 aquae.
698 1799 761 1853 quae
785 1781 979 1858 corpulentius
1001 1781 1030 1839 in
1045 1781 1127 1838 terris
1139 1780 1262 1839 fluitant.

63 1879 245 1965 Hauc-no.
259 1877 450 1956 diligentiam,
475 1876 791 1949 considerationemque
817 1876 900 1934 laude
928 1875 1127 1954 diguissimam
1149 1876 1261 1953 judicu.

65 1974 154 2043 Quod
165 1974 244 2043 raim
254 1973 340 2040 dixit,
356 1991 449 2046 neque
469 1982 567 2030 contra
580 1971 667 2029 fidem
681 1981 735 2037 eat,
750 1972 822 2029 etin
835 1984 969 2050 promptu
983 1974 1078 2049 posito
1091 1972 1265 2032 documento

62 2054 300 2145 cmle’
341 2066 430 2124 Juxta
442 2066 518 2123 lianc
539 2068 710 2131 mnteruiam
729 2075 749 2102 ‘⁶
761 2085 841 2139 aquae
862 2086 926 2140 quae
946 2086 1033 2145 snpra
1048 2071 1262 2127 firmamentum

62 2173 139 2233 suut,
151 2150 236 2237 aunt·
249 2179 331 2236 aquae
352 2179 416 2237 quae
437 2160 636 2238 reparabiliter
656 2162 786 2220 resoluta
807 2180 895 2239 supra
914 2164 1037 2238 aliquam
1058 2177 1168 2242 partem
1186 2166 1262 2223 aeris

63 2258 220 2326 elevantur,
236 2258 392 2330 exquibus
407 2257 512 2333 pluviae
525 2257 742 2334 generantur.”⁵

102 2359 151 2415 07.
173 2355 255 2412 Finis
271 2372 358 2429 quem
372 2353 427 2412 sibi
448 2353 600 2430 proposuit
613 2351 704 2423 Deus,
720 2354 858 2415 mundum
873 2356 1033 2426 condendo,
1049 2357 1113 2435 ipse
1128 2358 1191 2426 suit,
1207 2377 1261 2416 nec

61 2452 138 2511 enim
152 2449 261 2527 aliquid
274 2468 306 2508 se
327 2450 422 2509 minus
436 2459 570 2527 expetere
591 2452 701 2526 potuit:
744 2451 918 2511 “Universa
938 2466 1055 2531 propter
1072 2455 1260 2532 semetipsum

60 2547 193 2625 operatur
207 2557 251 2606 est
264 2545 455 2607 Dominus.”⁸
496 2555 515 2584 “
527 2545 603 2604 ceti
616 2559 747 2607 enarrant
761 2549 879 2625 gloriam
896 2550 962 2617 Dei,
977 2563 1006 2608 et
1019 2569 1108 2628 opera
1121 2571 1259 2611 manuum

61 2645 123 2721 ejus
139 2644 287 2703 annuntiat
300 2642 565 2703 .firmamentam.²’⁷
603 2645 735 2703 Attamen
751 2664 810 2704 non
830 2646 954 2718 aliquam
968 2648 1012 2704 sui
1033 2649 1195 2715 utilitatem,
1210 2648 1262 2707 sed

60 2758 176 2799 suarum
197 2739 405 2817 perfectionum
420 2739 709 2800 communicationem
724 2743 870 2817 respexit:
893 2760 946 2799 nec
959 2743 1036 2800 enim
1052 2743 1160 2815 aliquid
1174 2745 1203 2801 ei
1217 2761 1261 2800 aa·

4 2837 21 2859 '
61 2837 161 2896 cedere
175 2846 280 2913 potest,
295 2855 384 2910 quum
399 2837 528 2895 omnium
543 2837 606 2912 ipse
620 2837 658 2894 sit
671 2841 757 2905 sous;
771 2856 824 2896 nec
838 2837 913 2896 ullus
928 2838 956 2896 ei
970 2849 1015 2896 ast
1028 2839 1125 2916 gloriae
1140 2840 1260 2906 fructus,

59 2933 105 2991 vel
120 2920 250 3010 voluptas
263 2952 271 3000 ;
286 2949 399 2990 summe
413 2933 512 2989 beatus
525 2933 604 2988 enim
615 2942 669 2999 est,
683 2934 758 2990 sicut
772 2942 800 2990 et
813 2933 966 3009 perlectus.

95 3031 151 3085 rufi.
174 3028 281 3085 Veram
292 3044 387 3083 rerum
399 3035 542 3101 gestarum
556 3026 714 3095 historiam,
727 3047 785 3086 non
795 3047 855 3087 rem
866 3048 920 3087 suo
932 3031 1047 3108 ingenio
1057 3033 1260 3109 excogitatam,

60 3124 108 3183 vel
121 3123 285 3200 allegoriam
297 3122 439 3195 quandam
454 3124 623 3199 mythumve
635 3124 743 3183 tradere
758 3127 885 3196 Mosam,
898 3129 1002 3206 legenti
1017 3131 1050 3188 fit
1063 3121 1260 3207 perspicuum.

63 3217 216 3286 Quomodo
228 3225 321 3274 autern
333 3235 396 3290 quae
411 3218 446 3276 ab
460 3218 543 3276 initio
552 3219 631 3277 Deua
644 3231 772 3296 gesserat
785 3223 826 3279 illi
841 3224 1025 3292 innotuerint,
1037 3225 1119 3284 facile
1134 3229 1262 3306 concipi·

59 3326 125 3381 tur;
147 3312 282 3375 divinitus
303 3313 410 3390 quippe
432 3314 586 3372 illustratus
607 3327 661 3382 est,
683 3317 803 3393 ejusque
823 3320 911 3400 menti
933 3322 1028 3398 imago
1051 3322 1181 3394 quaedam
1204 3324 1262 3382 Ilei

59 3407 199 3469 mundum
214 3406 363 3473 condentis
385 3418 430 3466 est
442 3410 608 3478 obversata3
630 3412 660 3468 ni
675 3412 786 3488 placeat
799 3432 884 3486 quarn
898 3415 1007 3484 habuit,
1022 3417 1087 3474 Deo
1102 3419 1166 3494 ipso
1181 3437 1262 3477 reve·

58 3503 145 3571 laute,
160 3503 309 3562 creationis
325 3504 454 3564 notitiam
475 3504 577 3574 Adam,
594 3510 790 3567 trauamissam
809 3513 926 3587 scripto,
941 3512 991 3570 vel
1008 3525 1195 3573 monumento
1210 3516 1261 3574 ali·

59 3618 127 3673 quo,
140 3600 185 3658 vel
199 3600 314 3676 publica
328 3602 458 3659 omniurn
470 3603 618 3661 traditione
632 3604 812 3663 celebratam.
854 3608 900 3664 Ea
913 3619 957 3666 est
966 3611 1134 3669 narrationis
1148 3612 1262 3689 simpli·

60 3695 129 3754 citas
144 3714 206 3768 quaa
219 3696 337 3754 humani
348 3697 457 3774 ingenii
468 3698 584 3756 inventa
598 3719 656 3758 nou
670 3700 786 3770 indicat,
799 3701 850 3760 sed
862 3723 956 3764 rerum
968 3707 1125 3766 veritatem.
1168 3709 1262 3782 Equi·

48 3872 52 3877 '
94 3870 136 3936 (1)
156 3868 334 3922 “L'existenoe
345 3871 375 3922 de
386 3873 410 3923 la
424 3873 525 3924 lumiera
542 3883 615 3926 avant
627 3877 651 3926 la
667 3875 775 3928 creation
786 3878 820 3929 du
839 3881 907 3930 soleii
918 3881 956 3931 lut
974 3871 1124 3948 long-tempe
1133 3900 1168 3934 un
1180 3884 1261 3937 eeneii

58 3971 120 4021 pour
130 3955 286 4020 l’ignorance.
320 3958 486 4025 Aujourd’hui
495 3977 522 4011 ce
533 3960 558 4010 n’
570 3971 606 4012 eat
617 3963 673 4027 plue
684 3979 733 4013 une
745 3963 862 4015 difficultd
871 3965 895 4015 !”
941 3967 1028 4033 Moyse
1036 3978 1060 4019 et
1071 3971 1107 4019 les
1118 3952 1276 4034 Gdologueux

59 4040 229 4106 mmo&

95 4127 137 4191 (2)
156 4126 196 4175 De
206 4126 253 4176 cir.
264 4125 319 4174 Dei.
327 4127 343 4174 l.
354 4128 389 4176 xi.

94 4211 138 4275 (a)
157 4209 213 4258 vu.
227 4211 250 4268 1,
260 4224 285 4273 p.
297 4211 356 4258 asa.
400 4256 403 4261 .

94 4296 132 4358 (4)
150 4294 180 4343 L.
191 4295 222 4344 de
232 4294 297 4344 Gen.
308 4293 340 4346 ad
352 4295 388 4344 lit.
399 4310 420 4345 c
431 4297 456 4345 4.

94 4380 137 4444 (o)
157 4378 184 4427 S.
195 4378 285 4429 Thom.
298 4381 345 4446 Aq.
357 4381 427 4432 Sum.
441 4385 463 4442 l,
474 4397 498 4445 p.
510 4398 551 4446 qu.
564 4384 605 4444 68,
616 4393 660 4434 art.
676 4390 699 4447 8,
713 4384 741 4436 ur·
752 4391 846 4436 aretem

95 4464 137 4528 (6)
157 4462 228 4512 Prov.
238 4465 287 4514 xvi.
298 4468 323 4514 4.
735 4495 737 4498 ⁴

93 4549 135 4613 (7)
155 4547 196 4596 Pa.
209 4549 279 4598 xviii.
293 4553 315 4600 l.
