2744 5024
389 302 446 362 DE
467 300 724 393 mmuu‘rts
744 265 997 361 moeremus,
1259 300 1297 357 tu

90 477 209 520 omnem
224 458 330 517 erroris
345 459 391 517 vel
406 458 547 518 mendacii
568 459 698 517 umbram
713 457 797 515 abeo
818 456 982 532 repellens.¹
993 455 1078 514 “Est
1098 463 1192 513 autem
1213 454 1295 512 Deus

93 555 231 614 verax-”¹
273 563 294 590 “
308 555 378 614 Nou
399 557 534 614 mentitur
551 555 632 613 Deus
645 552 689 611 θ’·
717 552 928 628 “impossibile
948 560 994 610 est
1018 551 1129 610 mentiri
1154 548 1297 608 Deum.''⁸

92 650 203 709 Fidelis
213 650 405 719 ideodicitur,
415 649 493 724 quod
503 633 653 728 promissis
665 658 735 706 stet:
753 657 772 684 “
786 648 878 705 fidelis
888 648 966 705 enim
976 656 1020 705 est
1030 647 1080 721 qui
1091 645 1298 723 repromisit.”⁴

95 746 161 803 “Si
175 747 389 822 negaverimus,
402 747 492 805 stille
507 746 624 823 negabit
632 763 711 806 nos:
728 745 756 802 si
769 741 996 809 noucredimue,
1011 741 1058 801 ille
1072 741 1165 805 tidelis
1188 759 1298 819 pertua·

95 855 159 910 net,
175 861 281 919 negare
293 843 422 919 seipsum
437 862 496 901 non
510 842 651 919 potest.”⁵
1357 908 1361 915 ¹

137 943 187 996 48.
209 941 282 1005 Quae
304 938 340 996 de
355 939 420 998 Deo
433 940 534 998 hobab
547 940 708 1016 decipiente
728 957 781 1015 per
793 937 948 1013 prophetas
961 935 1114 994 mendaces
1128 934 1223 994 retulit
1241 934 1299 993 Mi·

96 1036 202 1102 chteas,
212 1035 357 1110 allegoriae
366 1036 471 1095 habeut
482 1037 634 1094 rationem:
648 1046 859 1094 consueverunt
867 1035 978 1091 scilieet
986 1042 1063 1090 rates
1075 1032 1171 1091 diviua
1179 1032 1300 1090 consilia

96 1130 234 1207 pandere,
254 1130 432 1206 imaginibus
447 1132 494 1188 usi
515 1150 579 1204 quoe
601 1130 770 1189 viridiorem
791 1148 886 1187 rerum
908 1129 1054 1188 notionem
1077 1129 1217 1206 ingerant.
1260 1126 1301 1185 Ut

96 1228 184 1304 igitur
199 1227 371 1304 intelligeret
386 1246 436 1286 rex
447 1229 527 1304 justo
542 1228 599 1286 Dei
609 1227 720 1305 judicio
729 1227 906 1302 contingere,
923 1236 954 1283 ut
974 1209 1034 1303 ipsi
1047 1233 1126 1281 vates
1141 1223 1301 1282 blandiren-

100 1335 153 1392 tur,
167 1325 308 1383 Michaeas
317 1343 349 1381 se
362 1324 467 1383 vidisse
476 1335 581 1382 cretum
593 1324 741 1382 coelestem
749 1324 901 1400 perhibuit,
913 1322 1064 1394 Deumque
1076 1321 1239 1394 exquisisse
1250 1320 1301 1394 qui

99 1419 283 1496 egrederetur
300 1406 338 1477 'ad
358 1420 559 1496 decipiendum
575 1419 685 1492 Achab,
701 1419 840 1495 Spiritum
862 1429 956 1476 autem
977 1436 1063 1475 suam·
1080 1417 1218 1475 obtulisse
1232 1435 1301 1494 ope·

102 1535 162 1573 ram
174 1536 182 1572 ε
205 1516 390 1593 “.Egrediar,
402 1526 430 1575 et
441 1499 490 1574 ero
501 1517 618 1593 spiritus
634 1515 757 1573 mendax
769 1516 798 1573 in
810 1534 859 1573 ore
869 1516 999 1573 omnium
1011 1513 1214 1590 prophetarum
1225 1515 1300 1591 ejus.

102 1613 242 1685 Dixitque
256 1613 420 1671 Dominus:
442 1613 589 1690 Decipies,
602 1624 631 1671 et
645 1596 830 1690 praeralebiss
846 1610 992 1689 egredere,
1006 1621 1036 1669 et
1049 1611 1093 1669 lae
1109 1611 1195 1669 ita.”⁸
1227 1611 1301 1670 Haec

102 1707 191 1767 divini
206 1710 321 1767 consilii
336 1711 475 1768 enarratio
489 1709 597 1767 nullam
613 1709 732 1785 praebuit
745 1708 924 1766 audientibus
939 1709 1121 1766 occasionem
1135 1707 1301 1784 suspicandi

102 1801 194 1861 Deurn
210 1822 276 1861 esse
291 1801 432 1868 mendacii
446 1816 590 1862 auctorem
603 1823 612 1870 ς
627 1821 730 1861 omnes
744 1804 822 1860 enim
843 1802 925 1859 facile
940 1802 1135 1878 intelligebant
1150 1821 1209 1859 rem
1225 1801 1302 1858 haud

104 1908 248 1974 peractam
263 1899 372 1967 referri,
388 1898 439 1957 sed
454 1899 608 1979 imaginem
624 1896 777 1977 quamdam
792 1897 931 1964 exhiberi,
947 1906 977 1953 ut
990 1896 1076 1953 saleis.
1090 1896 1241 1972 prophetie
1255 1896 1303 1954 tle·

105 1997 261 2056 traheretur
275 1998 357 2056 fides.
372 2056 374 2063 ,
1066 2046 1076 2066 .

140 2096 191 2150 49.
207 2094 393 2153 Providentia
406 2095 462 2154 Dei
476 2096 580 2155 dicitur
594 2097 664 2155 ratio
679 2095 786 2154 ordinis
800 2113 891 2152 rerum
907 2092 1059 2161 adfinem3
1075 2110 1125 2150 seu
1138 2110 1206 2151 cure
1216 2110 1303 2166 quam

104 2201 293 2250 creaturarum
308 2212 423 2252 suarum
439 2195 617 2270 geruncus,
632 2204 665 2251 ut
678 2195 766 2251 finem
780 2193 835 2250 sibi
856 2192 1045 2267 praestitutum
1059 2201 1256 2262 assequantur,
1273 2201 1302 2248 et

103 2288 256 2346 universali
273 2289 427 2348 inserviant
439 2291 542 2348 ordini.
579 2291 653 2349 Eam
669 2300 785 2347 testatur
799 2289 1029 2364 scripturaque
1041 2286 1124 2345 docet
1138 2286 1233 2345 Deum
1245 2305 1304 2346 non

103 2394 209 2445 tantum
227 2401 321 2443 rerum
336 2385 479 2454 dominos,
492 2387 544 2444 sed
557 2386 681 2445 humiles
694 2405 853 2459 quosquam
868 2385 978 2442 solicite
993 2403 1110 2442 curare:
1134 2384 1303 2456 “quoniam

105 2481 240 2557 pusillum
263 2492 291 2539 et
311 2502 447 2560 magnum
469 2484 629 2557 ipsesecit‚
645 2495 673 2541 et
693 2483 838 2556 aequaliter
858 2500 925 2539 cura
938 2490 982 2539 est
1003 2482 1044 2540 illi
1065 2480 1100 2538 de
1122 2480 1306 2538 omnibus.”⁷

106 2577 210 2640 Omnia
235 2597 352 2654 prorsus
378 2582 518 2656 sapientia
542 2581 591 2639 illa
616 2581 711 2638 divina
737 2579 915 2638 moderatur:
944 2578 1096 2653 “tuingia
1118 2595 1187 2654 ergo
1209 2597 1225 2634 a
1248 2577 1305 2634 fine

108 2673 245 2746 usquead
261 2675 348 2732 finem
365 2674 481 2744 fortiter,
497 2684 525 2733 et
538 2676 666 2751 disponit
678 2675 775 2732 omnia
796 2671 972 2754 suaviter.’{⁸
1009 2672 1064 2728 Sic·
1082 2681 1220 2728 mercator
1234 2671 1305 2729 mari

109 2787 138 2826 se
151 2770 345 2837 committens,
361 2770 432 2828 lucri
453 2771 597 2846 cupidine,
612 2770 678 2828 navi
701 2780 759 2826 arte
779 2770 861 2824 lactae
881 2767 986 2822 frustra·
1002 2766 1128 2831 confidit,
1143 2767 1198 2821 nisi
1224 2764 1305 2823 Deus

110 2864 160 2921 sibi
175 2863 248 2922 adsit
263 2844 423 2941 propitiurs
447 2865 542 2923 “Tua
557 2874 663 2931 autem,
680 2864 773 2926 Pater,
790 2859 969 2937 providentia
988 2860 1143 2934 gubernet:
1167 2860 1304 2930 quoniam

110 2959 210 3017 dedisti
234 2970 264 3017 et
288 2962 410 3026 inmari
435 2962 521 3028 viam,
536 2971 567 3018 et
590 2961 663 3018 inter
681 2959 789 3016 fluctus⁴
799 2957 930 3014 semitam
952 2954 1193 3013 firmissimam.’²⁹
1237 2954 1306 3014 ldeo

110 3053 235 3112 Psaltes:
260 3055 360 3112 “Nisi
379 3055 522 3115 Dominus
538 3055 721 3113 aedificaverit
732 3052 860 3119 domum,
876 3052 905 3108 in
921 3069 1023 3109 vanum
1045 3049 1244 3130 laboraverunt
1256 3052 1306 3126 qui

111 3151 248 3210 edificant
258 3170 332 3209 eam.
356 3152 422 3210 Nisi
430 3153 576 3211 Dominus
587 3152 752 3210 custodierit
763 3151 917 3217 civitatem,
929 3149 1031 3207 frustra
1040 3149 1138 3226 vigilat
1148 3151 1196 3223 qui
1213 3160 1307 3209 custo·

110 3245 148 3304 dit
157 3245 282 3304 eam.'’¹⁰
316 3247 513 3322 Singulorum,
525 3248 611 3304 etiam
626 3247 894 3312 minutissimorum,
907 3263 1003 3302 curam
1016 3245 1141 3303 ostendit
1150 3245 1305 3304 Christus:

112 3350 210 3401 “unus
224 3361 397 3419 passerssnon
411 3342 492 3400 cadet
506 3361 593 3420 super
608 3353 709 3402 terram
725 3344 794 3407 sine
813 3343 897 3399 Patre
912 3351 1024 3400 vestro:
1048 3343 1138 3399 vestri
1153 3353 1247 3401 autem
1262 3361 1308 3401 ca·

110 3439 168 3515 pilli
181 3440 284 3516 eapitis
299 3458 401 3497 omnes
415 3441 554 3500 numerati
569 3440 696 3499 sunt.”²¹
725 3440 752 3497 Α
766 3441 849 3497 rebus
864 3439 1009 3506 inanimis,
1025 3448 1054 3496 et
1066 3439 1100 3495 ab
1116 3441 1307 3498 animantibus

111 3536 215 3594 ratione
230 3537 392 3594 carentibus
414 3547 611 3614 argumentum
632 3537 857 3614 pulcherrimum
879 3533 1063 3617 providentie
1083 3553 1150 3611 erga
1173 3536 1307 3594 homines

114 3631 250 3690 desumit:
278 3632 456 3708 “Respicite
474 3634 599 3692 volatilia
620 3635 696 3702 omli,
711 3633 845 3706 quoniam
872 3649 929 3689 non
949 3640 1056 3697 serunt,
1070 3648 1164 3703 neque
1187 3641 1306 3698 metunt,

114 3744 202 3799 neque
217 3737 395 3804 congregant
408 3729 437 3786 in
451 3728 569 3787 horrea:
585 3739 614 3788 et
627 3739 707 3806 pater
721 3738 815 3786 vester
828 3727 952 3784 coelestir
968 3727 1058 3802 pascit
1072 3726 1216 3784 illa.”-‘⁶
1229 3726 1308 3786 (lore

115 3820 231 3880 siderate
246 3822 306 3879 lilia
320 3823 380 3899 agri
395 3822 540 3895 quomodo
554 3832 703 3881 crescunt:
725 3840 784 3878 nou
792 3821 930 3885 laborant,
942 3838 1036 3891 neque
1052 3820 1179 3877 nent.”²²

54 3929 62 3948 ¹
151 3921 200 3974 50.
224 3916 298 3974 Haec
311 3919 367 3977 Dei
379 3936 447 3993 erga
458 3936 501 3976 res
514 3928 621 3976 creatas
636 3935 704 3975 cura
715 3912 891 3972 conditorem
904 3929 1054 3983 rerumque
1068 3913 1201 3988 arbitrum
1216 3912 1306 3980 decet,

117 4020 142 4067 et
152 4012 322 4090 sapientiam
337 4024 365 4070 et
378 4013 531 4072 bonitatem
544 4015 607 4091 ejus
622 4011 750 4072 maxime
760 4007 888 4074 exhibet,
901 4024 995 4079 quum·
1006 4005 1084 4066 nullo
1098 4006 1148 4064 sui
1154 4007 1250 4067 labore
1261 4010 1308 4068 vel

212 4144 250 4204 (1)
268 4142 339 4192 Rom.
352 4142 385 4192 iii.
393 4144 418 4192 4.
435 4143 499 4193 loon
510 4142 545 4193 iii.
556 4145 597 4192 33.
832 4139 869 4200 (l)
887 4137 945 4201 Sap.
956 4136 988 4187 vi.
1000 4141 1024 4188 8.

212 4230 250 4287 (2)
268 4227 346 4277 Titi.
358 4231 382 4276 2.
828 4227 866 4286 (8)
884 4223 919 4273 lb.
936 4223 986 4273 viii.
1000 4226 1022 4273 t.

212 4314 250 4375 (3)
267 4312 375 4362 Hebri.
390 4317 427 4363 18.
644 4345 650 4355 =
828 4312 867 4374 (9)
885 4309 1017 4359 lb.xiv.3.
1058 4309 1061 4316 '

214 4397 252 4458 (4)
270 4397 334 4446 Heb.
345 4413 371 4446 x.
382 4399 423 4447 2³2
519 4436 524 4447 ,
817 4398 872 4456 (10)
891 4395 931 4443 Pe
940 4393 1022 4443 cxxvi.

220 4480 497 4543 (5)11.Tim.ii.1e..
639 4505 648 4522 κ
815 4479 1037 4542 (inhiatum).
1113 4499 1116 4506 ¹

215 4565 253 4626 (e)
271 4564 304 4614 11.
316 4554 502 4617 Pacxvrittu
676 4611 678 4616 ,
811 4567 867 4626 rra)
885 4562 946 4612 Mar.
957 4560 989 4611 vi.
1001 4561 1042 4609 ae.
1054 4562 1095 4610 ae.

1173 4527 1188 4555 Ι

139 4680 143 4685 ’
215 4686 232 4725 ί
