2744 5024
76 196 116 255 Μ
467 191 524 252 De
546 191 718 252 nomme
739 190 882 252 LAPSO.

77 358 108 411 et
120 350 277 408 extinctum
291 366 357 407 esse
370 347 484 415 dixerit.
499 359 546 406 aut
559 367 620 407 rem
634 366 700 407 esse
712 348 748 406 de
761 348 825 406 solo
839 347 930 415 durio,
942 332 1136 447 rmffiffim
1149 346 1211 405 sine
1229 361 1268 404 r:

77 445 244 522 figmentum
254 445 377 519 denique
386 447 517 502 aSatana
531 445 673 502 invectum
686 446 715 502 in
725 444 897 512 Ecclesiam
910 432 1061 501 anama
1071 441 1157 501 sit.”¹
1176 443 1268 509 Quat

80 559 185 602 nomen
201 543 334 600 retineret
345 543 511 621 Jansenius,
526 559 555 598 re
570 552 681 617 negata,
697 540 872 621 contendens
887 540 998 598 scilicet
1009 538 1170 597 libertatem
1189 559 1207 595 a
1224 554 1268 597 ne

76 637 208 694 cessitate
219 655 275 709 qua
285 636 439 695 delectatur
451 637 579 693 voluutas
593 655 648 693 uon
660 636 765 707 requiri
778 636 806 692 in
818 636 949 711 praesenti
960 634 1086 693 bominis
1098 633 1268 692 conditione

77 741 182 788 utreus
194 732 339 801 habeatur,
351 732 536 790 Innocentius
547 732 586 788 X.
599 731 759 788 hereticam
770 730 921 788 declaravit
931 731 1177 806 propositionem
1201 738 1221 765 ‘⁸
1230 730 1268 787 Δ.

77 828 244 886 merendum
260 829 305 887 vel
319 828 521 886 demerendum
537 829 566 884 in
581 837 654 884 statu
669 839 774 885 naturae
788 827 876 902 lapsae
890 845 948 884 non
962 827 1114 899 requiritur
1127 826 1243 884 libertas
1265 850 1268 877 :

77 923 256 990 necessitate,
271 922 324 981 sed
337 922 443 980 sufficit
456 923 569 980 libertas
584 941 600 978 a
613 922 806 979 coactione.”¹
845 921 947 997 Inepte
966 920 1082 994 quidem
1105 921 1268 996 praedicatu

77 1017 230 1075 voluntatis
244 1039 261 1076 a
274 1020 420 1077 coactione
435 1017 609 1084 immunitas,
625 1037 689 1074 nam
705 1018 824 1084 coactio,
840 1036 928 1089 quum
939 1017 976 1073 sit
989 1017 1030 1073 vis
1043 1028 1164 1073 externa
1178 1015 1268 1073 adres

77 1130 120 1186 sa,
133 1113 163 1171 in
178 1114 350 1172 voluntatem
365 1113 524 1172 nullatenus
540 1111 640 1169 cadere
656 1123 759 1188 potest,
774 1122 913 1188 repugnat
933 1111 1041 1197 quippe
1055 1111 1129 1168 velle
1143 1110 1234 1168 simul
1245 1128 1268 1168 e

77 1208 171 1266 nolle:
195 1209 343 1267 “Etenim
357 1208 493 1265 violentia
516 1208 630 1282 proprie
652 1207 737 1277 dicta,
755 1226 818 1280 quae
840 1207 1016 1265 voluntatem
1033 1207 1129 1283 ipsam
1150 1198 1268 1282 pemmit

76 1302 174 1361 fictum
189 1313 233 1360 est
246 1302 363 1376 aliquid,
376 1320 469 1374 neque
483 1313 560 1359 extat
579 1303 691 1378 uspiam
705 1322 713 1369 ;
735 1321 828 1375 neque
843 1302 919 1368 facit,
934 1311 982 1358 aut
1002 1310 1135 1377 operatur
1155 1298 1268 1373 aliquid

77 1396 145 1468 quia
157 1396 230 1454 nihil
243 1409 296 1464 est,
311 1398 352 1454 uti
367 1415 421 1454 nec
434 1397 482 1454 illa
496 1397 592 1455 omnia
607 1415 669 1469 quae
691 1397 725 1454 ad
747 1395 997 1455 contradictionem
1012 1395 1159 1472 implicata
1179 1395 1268 1454 dicun

77 1492 153 1550 tur.”
196 1494 238 1551 lta
263 1494 395 1570 praeclare
420 1493 582 1551 Petavius.⁸
621 1493 681 1568 lpei
706 1494 755 1565 qui
781 1494 838 1551 sato
862 1492 959 1550 omnia
982 1494 1043 1568 regi
1066 1491 1268 1550 contendebam

77 1580 178 1656 Stoici}
195 1587 239 1646 vel
256 1590 306 1660 qui
320 1589 463 1656 homines,
478 1591 623 1647 brutorum
638 1589 823 1646 animantium
846 1589 944 1654 instar,
959 1588 1094 1644 instinctu
1109 1586 1236 1660 quodam
1248 1605 1268 1645 ε

76 1694 182 1742 neturae
193 1685 318 1759 impulsu
329 1684 458 1742 dicebant
469 1685 530 1760 agi;
544 1685 588 1741 vel
600 1685 649 1756 qui
659 1684 714 1741 Dei
724 1684 837 1742 decreto
849 1693 878 1740 et
886 1682 1135 1758 predestinatione
1145 1682 1268 1758 singulo

77 1788 155 1837 actus
166 1779 277 1838 deliniri
290 1782 425 1857 putabant
438 1781 611 1857 Calviniani,
621 1800 679 1838 non
691 1799 755 1839 eam
765 1781 939 1837 sustulerunt
948 1779 1116 1845 libertatem,
1130 1797 1195 1850 quoe
1205 1786 1250 1835 est
1263 1804 1268 1829 :

76 1877 233 1945 coactione,
249 1878 405 1935 fatebantur
418 1878 496 1936 enirn
510 1877 657 1934 hominem
671 1877 754 1942 velle,
771 1887 800 1932 et
812 1876 867 1932 eibi
888 1874 1009 1931 volendo
1023 1875 1223 1950 complaceret
1244 1875 1268 1931 ir

77 1990 112 2029 eo
125 1987 251 2032 errantes
266 1974 342 2046 quod
356 1974 499 2031 arbitrium
513 1974 664 2029 voluntatis
677 1982 705 2028 et
716 1973 887 2029 electionem
901 1981 1046 2046 negarent.
1075 1971 1161 2028 Hanc
1175 1958 1268 2048 agnos

77 2079 123 2126 cat
135 2087 253 2127 necesse
269 2078 313 2125 est
326 2068 510 2141 quicumque·
516 2067 637 2127 liberum
651 2067 798 2127 hominem
813 2085 850 2128 ex
864 2067 960 2126 animo
974 2065 1120 2142 praedicat.

584 2358 765 2404 PRoeusmw.

117 2535 259 2594 liberum
273 2531 404 2590 hominia
418 2531 579 2591 arbitrium
594 2530 667 2589 Adae
678 2538 798 2609 peccato
813 2532 961 2591 omissum
974 2531 1021 2591 uel
1034 2531 1200 2591 extinctum
1214 2547 1268 2590 nou

82 2639 143 2689 eat:
165 2631 216 2688 aed
226 2629 312 2687 bomo
327 2627 427 2705 luparea
441 2645 507 2685 uere
521 2626 593 2685 liber
607 2633 650 2684 eat
664 2647 682 2685 a
695 2627 875 2686 necessitate.

120 2732 185 2785 151.
208 2726 359 2785 Probatur
371 2724 413 2783 Ι.Ο
430 2743 466 2782 aa
482 2723 647 2801 Scriptura.
691 2725 748 2781 Per
761 2723 865 2781 isaiam
880 2724 953 2782 dixit
966 2725 1066 2781 Deus:
1091 2724 1158 2780 “Si
1178 2722 1268 2781 vulne«

78 2825 149 2892 ritis,
164 2835 193 2882 et
205 2822 348 2881 audieritis
365 2841 420 2890 me,
436 2823 511 2878 bona
525 2832 604 2877 terrae
618 2819 784 2886 comedetis.
826 2820 909 2886 Quod
925 2821 951 2876 si
965 2820 1123 2887 nolueritis,
1139 2830 1169 2877 et
1180 2837 1229 2877 me
1241 2818 1268 2877 at

78 2921 252 2978 iracundiam
275 2917 516 2993 provocaveritis:
543 2917 655 2991 gladius
676 2915 822 2973 devorabit
842 2916 942 2974 vos.'’⁴
983 2916 1066 2982 Haec,
1089 2933 1215 2988 quorum
1236 2916 1268 2973 si·

16 3048 20 3055 ·
79 3016 197 3077 millima
211 3013 371 3075 testimonia
386 3011 492 3084 passim
508 3020 667 3077 occurrunt,
682 3004 809 3066 iridicant
823 3011 935 3068 volendi
957 3011 1001 3067 vel
1016 3009 1132 3067 nolendi
1154 3009 1268 3069 faculta·

1 3095 2 3104 ἵ
79 3121 134 3166 tem
150 3126 238 3182 penes
254 3106 385 3162 homines
400 3122 474 3169 esse,
491 3103 561 3160 adeo
576 3115 607 3161 ut
623 3124 672 3178 pro
687 3125 739 3161 suo
754 3105 868 3163 arbitrio
883 3106 979 3172 velint,
995 3106 1039 3162 vel
1054 3105 1156 3173 nolint,
1173 3105 1209 3162 ad
1224 3124 1268 3164 vo

78 3205 193 3262 luntatis
209 3203 376 3260 exercitium
389 3201 466 3257 nulla
477 3219 562 3257 causa
575 3202 734 3259 necessarii
750 3204 938 3262 determinati.
967 3204 1101 3262 illuderet
1112 3223 1182 3261 sane
1195 3205 1268 3263 Dent

76 3301 252 3366 hominibus,
267 3316 317 3354 eos
343 3298 458 3354 vocibus
484 3298 648 3373 hujusmodi
675 3301 863 3373 alloqrrendo;
890 3311 918 3357 et
943 3301 1016 3358 haud
1040 3303 1147 3372 absque
1169 3302 1268 3378 injuria

77 3397 231 3455 minaretur
255 3412 352 3471 pmuas
368 3411 398 3449 se
421 3393 617 3470 irrogaturum,
634 3395 704 3471 ipsis
728 3416 780 3454 suo
806 3397 920 3453 arbitrio
943 3397 1018 3453 haud
1044 3398 1202 3466 utentibus,
1224 3416 1268 3457 set

77 3490 287 3567 subjacentibus
309 3490 481 3547 necessitati.

32 3640 36 3647 .
120 3592 185 3644 152.
208 3585 428 3644 Ecclesiasticus
443 3585 528 3641 dicit:
552 3593 571 3621 ⁴‘
584 3585 663 3642 Deus
680 3587 713 3642 ab
728 3588 808 3644 initio
830 3588 977 3644 constituit
997 3588 1154 3653 hominem,
1171 3596 1200 3644 et
1214 3587 1268 3646 reli

78 3685 139 3757 quit
163 3684 243 3741 illum
269 3683 298 3741 in
320 3700 403 3738 manu
425 3681 539 3738 consilii
559 3681 614 3738 sui.
656 3681 768 3758 Adjecit
789 3683 919 3740 mandata
934 3695 962 3740 et
982 3696 1125 3760 praecepta
1139 3703 1203 3742 sua.
1245 3685 1267 3742 S

77 3779 200 3865 ¹volueris
217 3776 346 3834 mandata
359 3793 482 3842 servare,
495 3776 703 3832 conservabunt
718 3786 754 3844 te,
770 3780 841 3835 etin
856 3790 1026 3855 perpetuum
1041 3777 1126 3835 fidem
1142 3779 1268 3854 placitau

77 3877 179 3935 lacere.
221 3873 364 3949 Apposuit
379 3872 428 3929 tibi
443 3891 545 3944 aquarn
560 3881 589 3944 et
602 3872 719 3948 ignem:
736 3873 770 3929 ad
786 3874 862 3944 quod
878 3875 1015 3941 volueris,
1031 3874 1144 3949 porrige
1161 3892 1268 3932 manuu

79 3983 164 4029 tuam.
207 3971 281 4027 Ante
295 3969 441 4026 hominem
457 3968 512 4024 vita
528 3977 555 4024 et
570 3986 657 4033 more,
672 3969 780 4027 bonum
795 3978 823 4024 et
837 3970 962 4027 malum:
987 3969 1064 4042 quod
1080 3969 1221 4046 placuerit
1239 3969 1265 4026 ei

436 4173 501 4222 Sese.
510 4173 542 4221 vi.
554 4188 608 4221 can.
620 4176 644 4221 d.

437 4257 483 4305 Ill.
495 4256 641 4320 propians.

436 4340 475 4391 De
486 4356 558 4404 opere
568 4356 613 4390 sex
625 4341 720 4393 dierum
731 4343 747 4393 1.
758 4343 793 4392 iii.
805 4359 825 4394 c.
834 4344 868 4394 iii.
880 4360 905 4393 n.
917 4344 951 4396 ix.
