2730 5018
390 116 475 235 JDE
497 120 674 188 CHRIS'H
688 120 978 187 ADCRATICNE

626 166 1226 375 >fla-wer·

338 633 435 693 ,Pu'r
455 634 509 693 lx.
551 635 608 693 DE
630 634 801 694 CHRISTI
821 632 1110 695 ADORATIONE.

138 808 209 862 217.
229 830 279 873 ι...
315 806 352 865 de
368 806 478 866 Christi
491 808 637 868 divinitate
651 809 849 877 disseruimus,
862 828 928 868 eum
942 806 1118 868 adorandum
1129 822 1198 865 esse
1211 804 1301 865 mani·

100 897 176 955 lestb
191 901 324 975 probant,
339 912 437 980 utpote
453 903 560 972 Detun,
575 904 653 963 Patri
666 904 784 963 omnino
798 905 946 977 equalem.
989 905 1047 971 Qui
1068 920 1210 980 personas
1229 900 1301 959 duas

99 993 132 1055 in
144 1013 182 1055 eo
195 996 407 1077 distinguebant
430 1000 605 1069 Nestoriani,
620 1000 732 1059 homini
758 1000 877 1059 Christo
897 1002 1027 1061 divinum
1047 1000 1219 1060 recusabant
1241 998 1300 1057 cul·

99 1100 171 1162 mm,
185 1114 272 1169 quem
286 1098 445 1157 tribuebant
457 1098 571 1157 Verbo:
587 1098 641 1156 sad
654 1098 787 1156 Ecclesia
801 1117 888 1156 unam
903 1098 992 1157 Verbi
1006 1116 1168 1175 personam
1179 1097 1210 1156 in
1225 1106 1296 1155 utra·

98 1205 155 1261 que
169 1200 267 1248 tratura
286 1190 390 1251 adorat
433 1192 580 1251 Sociniani
594 1192 663 1251 olim
686 1190 838 1251 colendum
863 1210 928 1249 esse
943 1192 1103 1261 Christum,
1118 1200 1219 1269 utpote
1240 1188 1293 1249 Dei

97 1301 250 1361 personam
265 1286 475 1359 quodammodo
489 1299 645 1365 gerentem,
661 1287 756 1345 divina
771 1286 902 1345 indutum
917 1287 1030 1355 vinute,
1044 1287 1204 1347 docebantr
1219 1286 1303 1360 quod

97 1382 237 1441 Unitariis
251 1384 396 1443 nonnullis
417 1384 509 1443 adhuc
530 1385 643 1452 arridet,
658 1384 709 1442 sed
733 1384 862 1461 plerique
882 1370 999 1443 omnem
1022 1386 1085 1463 ejus
1108 1385 1219 1443 cultum
1237 1402 1338 1469 max

14 1540 20 1565 Ι,
96 1488 197 1555 puunt.
242 1480 407 1541 Concilium
422 1482 564 1539 Generale
581 1482 617 1538 V.
633 1499 801 1556 supremum
816 1480 926 1538 Christi
936 1480 1045 1539 cultum
1061 1491 1160 1539 contra
1172 1482 1335 1569 armna„

96 1574 294 1636 hereticorum
309 1578 487 1638 anathemate
501 1578 664 1637 vindicavit.
707 1577 809 1636 Canon
824 1579 887 1655 ejus
902 1596 996 1637 nonus
1009 1578 1056 1636 his
1077 1578 1171 1637 verbis
1186 1579 1216 1641 iu
1228 1598 1331 1669 uoq·

36 1670 164 1745 .·.„oilio
179 1672 363 1732 Lateranensi
383 1673 509 1733 redditus
534 1688 595 1733 est:
618 1684 639 1711 ‘⁶
649 1674 682 1731 Si
703 1674 767 1751 quis
790 1674 898 1731 adorari
920 1674 951 1734 in
971 1674 1080 1733 duabus
1101 1674 1208 1733 naturis
1226 1674 1330 1761 clim}⁸

90 1766 259 1839 Christum,
274 1790 311 1829 ex
326 1790 384 1846 quo
404 1773 475 1831 duas
495 1770 672 1831 adorationes
695 1770 887 1837 introducunt,
901 1771 1035 1829 semoti·
1059 1770 1125 1830 Deo
1145 1770 1249 1841 Verbo,
1280 1806 1328 1853 qt

96 1867 232 1925 semotim
245 1866 375 1926 homini:
398 1880 445 1926 aut
458 1868 483 1926 si
498 1868 562 1941 quis
577 1864 612 1924 sd
627 1866 853 1942 peremptionem
867 1866 971 1933 carnis,
986 1876 1034 1924 aut
1047 1864 1084 1924 ad
1096 1866 1326 1947 contusionem

97 1962 211 2021 deitatis
225 1975 254 2021 ct
267 1964 460 2034 humanitatis,
475 1983 560 2023 unam
580 1977 708 2021 naturam
723 1964 784 2021 sive
805 1963 957 2021 essentiam
979 1962 1210 2022 convenientium
1229 1982 1328 2040 por,

96 2070 207 2119 tentose
222 2061 330 2129 dicens,
342 2062 384 2119 sie
398 2060 494 2119 adorat
510 2060 670 2127 Christum,
681 2059 733 2117 sed
747 2078 805 2117 non
820 2079 877 2117 una
887 2059 1050 2118 adoratione
1061 2059 1158 2119 Deum
1170 2060 1323 2137 Verbum

95 2156 273 2215 incarnatum
297 2176 363 2215 cum
384 2158 446 2234 ejus
461 2175 545 2215 corne
566 2156 672 2223 otlorat,
690 2156 774 2231 juxta
797 2155 873 2228 quod
896 2168 1000 2214 sanctae
1022 2156 1079 2215 Dei
1100 2156 1238 2215 Ecclesia
1274 2172 1323 2229 ab

84 2252 179 2310 'initio
193 2252 325 2311 traditum
340 2264 401 2311 est:
426 2253 488 2310 talis
502 2253 653 2311 anathema
668 2250 751 2308 sit.”²
791 2250 936 2323 Equidem
950 2250 979 2309 id
1000 2250 1101 2309 scdulo
1121 2250 1320 2319 animadver.

96 2349 213 2408 tendum
228 2366 343 2408 carnem
358 2348 468 2408 Christi
483 2349 604 2426 spectari
621 2358 703 2425 prout
717 2346 814 2405 divino
831 2347 927 2405 Verbo
948 2347 1130 2424 hypostatice
1144 2348 1318 2425 conjuncta

97 2445 237 2513 subsistit,
252 2453 281 2502 et
294 2443 402 2502 adorari
419 2463 476 2502 non
485 2452 607 2521 propter
622 2460 661 2509 se,
677 2441 727 2500 sed
750 2456 865 2518 propter
885 2441 1012 2500 divinam
1025 2460 1114 2518 quam
1134 2442 1219 2501 habet
1230 2448 1315 2505 anb-

97 2541 266 2599 sistentiam.
303 2540 442 2599 Adoratur
457 2552 549 2598 tamon
565 2540 598 2597 in
612 2556 652 2606 se,
668 2538 777 2596 scilicet
791 2539 855 2615 ipsa
870 2538 982 2607 colitur,
997 2538 1111 2597 tametsi
1124 2538 1250 2603 adoratio
1260 2543 1305 2603 ιιι

36 2696 42 2707 ,
98 2637 148 2695 illa
161 2655 219 2695 non
234 2637 358 2704 sistatur,
374 2636 424 2695 sed
439 2638 468 2693 iu
480 2636 586 2694 l'erbo.

605 2794 787 2872 Psorostuto.

144 2978 208 3035 Crto
222 2979 378 3055 codemque
392 2996 527 3055 supremo
542 2977 638 3035 latriae
650 2977 732 3036 cultu
747 2976 879 3034 drimano
897 2975 1010 3035 Christi
1022 2984 1133 3036 natura
1144 2976 1292 3053 adorando

99 3081 141 3130 est
156 3091 223 3131 cunr
245 3072 334 3130 Verbo
349 3072 450 3153 <liuius
464 3090 531 3129 curra
545 3089 602 3147 quo
618 3079 660 3129 est
674 3070 857 3149 hgfflostatice
870 3071 1037 3149 corrjuncta.

87 3200 90 3205 ·
137 3168 291 3225 Probatur
306 3166 330 3224 I.
346 3166 400 3223 Er:
418 3166 591 3241 Scripturie

38 3340 41 3345 Ι
64 3248 96 3307 Μ’
138 3267 209 3320 ule.
232 3261 340 3320 “Cum
355 3262 456 3319 iterum
478 3261 630 3318 introducit
651 3263 872 3339 primogenitum
894 3264 924 3321 in
938 3265 1037 3323 orbem
1055 3274 1146 3331 terrae,
1161 3260 1249 3322 dicit:
1271 3280 1299 3325 et
1355 3306 1362 3347 ⁸,

20 3368 75 3421 -“ι.
99 3362 216 3421 adorent
229 3380 295 3419 eum
316 3378 416 3419 omnes
432 3359 524 3436 angeli
550 3359 654 3417 Deit'*
695 3360 760 3419 Hoc
782 3360 933 3419 manifesti)
957 3362 1077 3418 refertur
1091 3360 1125 3418 ad
1147 3360 1300 3423 Christum

85 3460 257 3527 homiuem,
273 3476 362 3531 quum
376 3458 438 3533 ipse
454 3456 482 3514 in
497 3457 593 3513 orbern
605 3458 635 3513 iu
650 3456 773 3514 humanu
784 3467 882 3515 natura
895 3459 1012 3525 venerit,
1025 3467 1053 3515 ct
1064 3456 1099 3514 ad
1109 3456 1300 3533 judicandum

48 3576 75 3631 ,ᾗ
101 3557 235 3616 homines
251 3556 351 3613 iterum
369 3567 501 3612 venturus
516 3554 570 3610 sit:
594 3554 639 3611 cui
655 3565 703 3611 ne
713 3573 747 3612 en
760 3555 816 3630 ipsi
828 3554 919 3631 augeli
932 3555 1039 3613 cultum
1054 3564 1188 3631 prestare
1198 3556 1307 3632 juben·-

99 3669 153 3713 tur.
196 3653 240 3711 Ad
255 3652 458 3728 Philippenses
473 3651 579 3717 scribit,
596 3650 744 3708 Christum
760 3651 793 3708 nd
809 3661 930 3713 mortem
944 3652 1116 3709 crucisscso
1131 3650 1300 3722 demisisse,

98 3753 220 3823 ideoque
235 3769 251 3806 a
266 3749 349 3806 Patre
364 3748 509 3824 accepisse
524 3767 628 3805 nomon
640 3767 725 3823 supra
739 3766 824 3805 omne
836 3766 940 3806 nornen
954 3768 961 3804 ι
985 3757 1004 3788 “
1015 3758 1046 3805 ut
1059 3748 1088 3805 in
1100 3748 1217 3807 nomina
1226 3747 1301 3808 Jesu

51 3848 56 3857 '
100 3867 185 3908 omne
200 3865 274 3925 genu
289 3845 417 3902 flectatur
431 3845 601 3911 coelestium,
614 3845 797 3913 terrestrium,
811 3856 838 3902 et
853 3843 1074 3902 infernorum.’'³
1115 3843 1159 3900 De
1175 3843 1308 3903 liumana

1317 3976 1340 4015 0

132 4063 170 4122 (1)
189 4057 253 4106 Acta
264 4052 342 4101 Cone.
354 4052 430 4100 Hard.
443 4061 501 4101 tom.
512 4054 547 4103 ιιι.
557 4055 602 4104 col.
615 4053 669 4101 les.
681 4061 706 4101 et
719 4051 813 4103 Concil.
826 4052 906 4102 Later.
917 4057 963 4103 suh
980 4053 1088 4104 Martino
1099 4053 1176 4123 Isset.
1188 4068 1232 4104 scu
1246 4052 1305 4109 See

95 4148 127 4200 iv.
139 4148 165 4196 in
177 4144 222 4196 col.
236 4138 310 4188 llard.
322 4138 366 4187 ool.
379 4138 436 4185 839.

134 4233 170 4293 (2)
189 4227 276 4278 liuhi.
289 4228 312 4273 6.

53 4296 57 4301 ’
133 4319 170 4379 (ι)
189 4311 291 4362 suunt.
305 4313 343 4359 ro.
