2744 5024
428 66 927 213 unaeccauoomomin
1222 108 1295 213 ar·

82 267 165 325 ubine
177 265 288 326 delicto
307 284 387 327 mors
399 270 529 347 regnarit
543 288 718 347 perunum:
741 270 832 329 multo
852 268 944 346 magis
958 267 1160 329 abundantiam
1175 269 1281 346 gratia,

81 373 110 423 et
129 362 307 432 donationis,
320 373 352 422 et
367 366 488 441 justitias
509 368 694 443 accipientes,
709 367 738 425 in
753 367 811 425 vita
829 367 987 443 regnabunt
1006 382 1060 445 per
1071 384 1161 425 unum
1180 366 1283 426 Jesum

82 458 243 519 Christum.
285 459 378 536 igitur
390 462 465 520 sieut
477 480 530 537 per
542 463 628 521 unius
648 462 784 521 delictum
798 464 829 520 iu
843 481 944 521 omnes
957 462 1092 523 hominen
1105 462 1136 521 in
1148 462 1283 521 condem·

82 557 244 615 nationem:
266 556 311 615 sio
323 566 418 633 etper
431 558 516 615 unius
533 554 676 634 justitiam
691 560 719 616 iu
735 578 836 617 ornnes
858 560 990 617 homines
1005 559 1034 617 iu
1045 558 1281 636 justificationem
1335 626 1346 645 .

84 653 155 711 rite.
200 652 284 711 Sicut
295 653 373 711 enim
389 652 675 730 perinobedientiam
695 655 781 713 unius
795 655 933 722 hominis,
950 665 1114 731 peccatores
1135 654 1283 713 constituti

83 758 148 807 suut
155 749 254 807 multia
270 750 348 807 itaet
360 750 508 825 pecunius
519 750 723 818 obeditionem,
734 751 808 827 justi
817 752 1025 809 constituentur
1037 748 1167 813 multi-”¹
1187 752 1281 826 Apon-

83 842 155 901 tolns
163 842 235 901 dicit
248 862 301 920 per
310 842 559 903 unumbominem
571 857 720 921 peccatum
734 846 910 923 cepissem
921 856 1129 923 perpeccatum
1140 856 1280 911 mortemt

81 948 111 997 et
121 937 198 997 bane
210 938 261 996 dat
272 940 410 999 rationem
425 956 513 1013 quare
527 959 629 999 omnes
643 942 743 1001 mortis
757 942 816 1019 legi
828 942 1004 1019 subjaceant,
1017 943 1085 1015 quia
1097 942 1208 999 sedicet
1221 961 1287 1000 om··

82 1052 132 1093 nes
144 1044 265 1111 moneto
278 1034 500 1112 adsuinguntur.
540 1037 583 1089 διὸ
592 1054 637 1108 της
651 1035 770 1106 bursius
779 1058 794 1091 ο
803 1036 915 1100 >amor
927 1041 970 1092 aet
980 1039 1053 1100 οὕτως
1069 1042 1103 1099 la
1113 1035 1206 1099 noros
1215 1036 1298 1109 ὄνόν,

81 1131 156 1192 «ὅπως
172 1126 184 1177 ὅ
200 1128 307 1193 admo,
322 1131 482 1202 &eparntp'
499 1135 519 1185 ὡ
535 1130 626 1191 πάντες
643 1133 755 1196 ἥμαρτον.
809 1125 882 1183 Hac
906 1125 977 1185 ratio
1004 1126 1105 1201 probat
1132 1125 1280 1183 universos

82 1215 214 1275 homiues
224 1228 347 1292 peccato
361 1218 462 1276 irretiri
474 1238 483 1285 ς
504 1218 648 1291 quidquid
663 1220 701 1276 sit
721 1220 756 1277 de
774 1222 891 1279 vocibus
905 1218 1091 1289 111ἰεέφ’ᾦι“η
1105 1238 1174 1297 quo.
1217 1219 1280 1277 Has

83 1309 117 1369 ad
128 1300 273 1370 adamum
293 1312 419 1371 referunt
438 1314 568 1372 nonnulli
589 1327 730 1374 emunctae
745 1316 820 1375 naris
840 1316 956 1385 critici,⁹
974 1317 1050 1373 sicut
1065 1316 1161 1374 Graeci
1179 1316 1279 1373 Patres

83 1405 321 1483 chrysostomus,
331 1408 582 1485 Theophylaotus,
594 1410 802 1469 (Ecumenius,
835 1411 1020 1473 Contenduut
1031 1412 1079 1469 alii
1090 1430 1155 1469 cum
1168 1408 1280 1471 umen·

83 1503 183 1561 miiller
196 1523 246 1562 eas
260 1505 328 1563 vinr
339 1505 483 1581 particula
497 1506 619 1563 causalis
641 1508 689 1564 hic
714 1507 840 1566 haberet
864 1507 1068 1566 “tantumdem
1083 1508 1159 1567 valet
1171 1526 1205 1565 ac
1218 1515 1280 1568 nin

82 1600 161 1677 quin,
176 1619 209 1660 eo
223 1600 618 1680 qnod,—quuttdoqut'dem.'’³
659 1605 803 1672 Quoniam
824 1607 910 1681 igitur
931 1606 1090 1663 moriuntur
1112 1605 1229 1680 plurimi
1250 1603 1280 1661 in

82 1696 200 1759 infantili
213 1690 399 1768 anta-nuile
413 1701 650 1776 personali-reatu
664 1700 801 1769 adstricti,
816 1711 934 1777 peccato
949 1711 1057 1758 tantum
1076 1701 1146 1757 Adae
1161 1701 1279 1757 obnoxii

83 1782 177 1853 baberi
190 1805 323 1872 possunt,
338 1794 370 1855 iu
383 1812 441 1871 quo
456 1809 657 1871 peccaverunt,
672 1814 731 1855 nen
752 1815 811 1853 suae
826 1795 979 1853 voluntatis
994 1804 1068 1861 actu,
1083 1793 1134 1851 sed
1149 1792 1236 1850 veluti
1249 1794 1280 1851 in

83 1892 171 1967 eapite
184 1892 299 1966 generm
312 1891 441 1949 humani.
483 1891 581 1949 Latior
593 1904 687 1950 autem
700 1891 762 1949 haec
776 1890 914 1968 peccandi
928 1890 1100 1966 significatio
1114 1889 1156 1947 rei
1171 1899 1200 1945 et
1213 1905 1279 1945 con·
1300 1903 1304 1909 ’

84 1988 166 2049 muti
180 1988 321 2064 congruit.

119 2085 187 2140 102.
203 2083 329 2141 Mortem
340 2083 445 2155 ubique
455 2084 613 2143 obtinuisse
623 2084 725 2155 quavis
736 2083 835 2141 muudi
844 2092 935 2151 atate,
946 2100 979 2139 ea
988 2081 1023 2139 de
1033 2079 1202 2154 causaquod
1211 2098 1277 2156 pen·
1298 2095 1303 2101 ·

81 2187 170 2237 cetum
180 2178 330 2246 obtineret,
341 2178 539 2237 animadvertit
550 2181 725 2256 Apostolus;
739 2198 828 2251 quum
838 2179 915 2236 enim
928 2179 1095 2236 nonnemini
1111 2177 1199 2233 videri
1212 2195 1277 2252 pos·
1300 2190 1304 2196 ·

83 2288 121 2333 tet
141 2286 259 2351 peecata
272 2276 387 2333 nonnisi
409 2274 473 2333 data
493 2276 558 2353 lege
573 2277 711 2334 Mosaion·
722 2285 831 2353 patrata
850 2274 951 2341 suisne,
967 2289 1011 2331 est
1027 2274 1105 2331 enim
1128 2281 1276 2347 peccatum

83 2372 148 2449 legis
163 2372 289 2440 violen'o,
305 2370 426 2429 affirmat
447 2385 593 2448 peccatum
609 2386 672 2431 aute
686 2374 782 2449 legem
802 2372 942 2438 extitisse,
959 2370 1090 2443 quamvis
1112 2371 1174 2445 ejus
1191 2370 1277 2444 turpi.-
1300 2386 1303 2391 ·

83 2468 144 2527 tudo
157 2468 222 2543 lege
237 2468 416 2544 promulgata
430 2469 521 2545 magia
536 2470 744 2527 innotesceret:
761 2468 872 2526 scilicet
884 2486 948 2540 quse
962 2467 1067 2523 fiebant
1080 2464 1137 2539 legi
1153 2464 1273 2521 naturali

82 2565 221 2625 mentibus
242 2563 408 2640 insculpatae
424 2564 543 2623 adversa
562 2564 767 2622 abominationi
788 2563 973 2625 habebantur,
989 2557 1099 2633 adjecta
1118 2558 1189 2634 legis
1211 2558 1275 2616 Mo·

81 2661 163 2721 eeinae
177 2660 381 2736 prohibitione,
396 2660 539 2734 minisque
556 2661 653 2717 mortis
669 2658 823 2716 intentatis.
845 2655 943 2711 Exeo
958 2653 1034 2725 quod
1049 2671 1126 2709 mors
1141 2671 1193 2727 per
1207 2653 1279 2710 illud·

82 2756 214 2833 temporie
239 2755 271 2812 in
292 2754 441 2813 universes
466 2756 599 2813 homines
622 2753 766 2810 dominata
791 2749 902 2814 inisset,
918 2746 992 2804 haud
1018 2746 1147 2822 exceptis
1168 2747 1204 2803 iis
1226 2749 1275 2819 qui

80 2852 155 2911 nollo
169 2870 224 2931 suo
237 2863 303 2909 actu
317 2849 389 2908 ndae
408 2852 667 2929 prevaricationem
683 2848 793 2904 inerant
812 2844 924 2911 imitati,
940 2843 1024 2901 insert
1038 2842 1205 2919 Apostolus,
1221 2843 1275 2902 noi

80 2949 163 3011 etiam
175 2959 295 3025 peceato
309 2948 399 3007 fuisse
413 2947 572 3013 adstrictos,
587 2965 644 3002 non
659 2961 723 3010 sun,
738 2942 789 3000 sed
803 2942 914 3000 alieno:
937 2960 1020 2998 secus
1036 2941 1135 2999 mortis
1151 2941 1275 3000 necessi·

80 3047 123 3105 teti
148 3046 228 3105 haud
247 3044 452 3122 subjiciendos.
509 3044 614 3101 lterum
636 3058 725 3112 quum
748 3040 821 3116 legis
843 3040 981 3098 illosaicae
1008 3056 1100 3114 poenae
1121 3049 1186 3096 ante
1210 3057 1301 3096 eam-

79 3141 161 3203 latem
183 3143 267 3202 haud·
282 3144 420 3219 vigerent,
435 3150 525 3199 rnorte
547 3151 641 3197 tamen
663 3137 789 3196 mulctati
803 3138 861 3195 sint
879 3137 1005 3195 universi
1027 3136 1170 3205 homines,
1186 3139 1273 3195 etiam

80 3250 228 3315 autequam
251 3240 300 3298 lex
320 3239 369 3297 illa
388 3239 473 3297 fuerit
485 3238 556 3302 lata;
579 3235 673 3311 legem
688 3235 772 3293 aliam
794 3243 911 3311 peccato
934 3233 1068 3291 violatam
1083 3234 1117 3290 ab
1138 3234 1271 3293 omnibus

80 3352 232 3413 agnoscere
246 3337 404 3411 oportebat.
446 3331 643 3393 Prmstantiam
664 3330 732 3388 doni
746 3331 776 3386 in
792 3329 909 3387 Christo
923 3327 980 3385 dati
1006 3328 1098 3403 pergit
1113 3328 1272 3386 ostendere.

80 3430 108 3493 ld
129 3442 228 3491 autem
244 3442 387 3504 tamquam
410 3426 590 3489 notissimum
611 3427 693 3503 ponit
712 3427 896 3503 principium,
912 3424 996 3481 unius
1019 3421 1091 3481 Aua
1113 3424 1198 3498 culpa
1212 3424 1300 3498 plu··

80 3528 175 3597 rinos,
200 3529 314 3587 scilicet
339 3527 499 3593 universos,
521 3544 596 3605 esse?
613 3535 751 3591 mortuos,
774 3521 852 3595 quod
875 3521 911 3579 de
939 3528 1066 3597 peccato,
1091 3519 1169 3592 quud
1195 3526 1302 3577 mors'

82 3634 121 3683 att
142 3625 259 3689 animm,
284 3624 317 3682 et
341 3622 378 3680 de
405 3631 506 3689 morte,
541 3638 603 3694 qua·
629 3619 749 3676 solvitur
781 3636 901 3693 corpore
935 3616 1039 3683 anima,
1069 3614 1137 3673 licet
1169 3615 1274 3677 intelli·

32 3722 45 3743 ⁸
82 3736 180 3797 gere..
202 3721 338 3794 Eiyepeo
354 3718 646 3788 seliobrepoampon
664 3717 782 3768 elnone
792 3714 921 3775 ἀπέθανον·
970 3714 1060 3770 Recte
1080 3714 1195 3772 adnotat
1215 3715 1272 3772 Ro-

82 3818 267 3883 numneller:
292 3818 441 3879 tolmai,
455 3834 521 3873 curn
535 3813 671 3873 articulo:
687 3807 858 3876 multitudo,
873 3813 970 3867 tetum
984 3823 1081 3886 genus
1094 3805 1270 3867 numnam.
1297 3838 1300 3845 ·

140 4040 144 4045 ·
280 4046 288 4061 .
299 4026 322 4058 v.
333 4011 438 4059 11-19.

111 4014 154 4168 ib}
171 4013 432 4156 11111ῗῦωήὢο
448 4093 604 4157 ingeniorum
620 4092 784 4147 moderatione
796 4092 811 4141 1.
823 4091 857 4141 iii.
868 4106 889 4140 c.
903 4094 925 4151 l,
937 4090 977 4141 cit.
989 4105 1003 4138 a
1015 4088 1128 4147 Perrone,
1139 4083 1183 4149 qui
1198 4083 1271 4135 etium

84 4180 217 4237 umerum
233 4182 478 4235 mcituttcatimenia.
513 4180 596 4230 Traot.
611 4179 642 4229 de
659 4178 714 4229 Deo
730 4195 754 4244 p.
770 4181 824 4227 ill.
835 4194 856 4228 c.
867 4177 899 4227 iv.
914 4192 939 4227 n.
957 4176 1015 4226 416.
1033 4182 1084 4224 not.
1118 4171 1183 4223 Vide
1198 4170 1271 4223 dum

119 4353 157 4421 (3)
174 4348 378 4405 nwmnuertn
389 4352 434 4402 loc.

653 4434 691 4488 2*
