2744 5024
410 122 413 129 ’
445 106 504 170 DE
526 106 693 170 SPlRlTU
713 108 893 170 SANCTO.
1213 106 1269 163 tte

93 269 160 320 nnus
179 261 351 333 subsistere3
377 276 407 322 et
429 267 546 323 vocibus
575 267 630 324 illis
657 268 713 325 Dei
735 268 867 325 virtutem
894 264 1038 342 designari
1065 260 1271 322 contenduntt²

84 358 178 422 ,⁸‘illam
192 361 325 419 nimirum
340 363 484 431 virtutem,
501 381 551 440 per
566 383 652 436 quarn
670 365 749 423 Deus
763 365 981 440 omnitempore
997 362 1097 420 fideles
1111 380 1180 420 snos
1190 379 1271 418 sanc·

35 496 43 517 ,-
86 454 167 522 tilicat,
178 440 212 513 ac
227 457 334 516 diuinis
349 459 432 516 donis
448 459 586 536 replet.''¹
625 461 716 541 lgitur
727 461 870 537 oportebit
883 460 1025 536 imprimis
1041 459 1191 518 ostendere
1207 456 1271 533 Spi-

86 550 158 608 nun
172 552 309 610 Sanctum
325 573 422 611 veram
436 573 502 612 esse
523 574 686 631 personam,
699 577 718 612 a
734 557 817 614 Patre
831 565 861 612 et
880 556 955 614 Filio
976 555 1149 623 distinctam,
1164 553 1272 628 quippe

94 647 129 718 qui
144 666 204 704 rere
219 637 360 706 subsistit.
392 650 457 708 Hoc
470 668 558 723 qunrn
575 652 788 726 perfecerimus,
802 671 868 708 eum
880 669 980 709 verum
993 669 1058 708 esse
1072 649 1179 716 Deum,
1194 647 1274 705 Patri

95 741 203 814 illioque
217 745 500 813 consubstantialem,
515 745 639 803 eundem
651 747 761 804 scilicet
775 747 882 812 Deum,
894 745 1090 803 ostendemus.
1112 744 1157 801 De
1172 759 1273 800 eorum

89 838 126 909 qni
136 838 265 896 dicunnsr
283 838 412 898 Shohcrs
427 860 532 908 errore,
548 843 601 914 qui·
613 843 752 919 Spiritum
767 844 905 900 Sanctum
921 861 990 899 voce
1006 840 1144 899 faeminini
1159 838 1273 915 generis

89 930 227 1010 designant,
243 946 273 992 et
288 955 339 1011 per
353 935 476 995 Annam
491 937 550 994 Lee
564 939 721 1013 pleni-orem
736 939 938 996 revelationem
952 937 1054 995 factam
1069 955 1155 1010 quarn
1170 955 1186 992 s
1200 933 1219 991 J
1221 951 1273 990 esu

89 1026 186 1088 chnsn
209 1025 363 1100 affirmant,
378 1034 520 1110 agendum
542 1034 617 1091 haud
640 1054 813 1093 censemus:
837 1034 908 1092 adeo
929 1035 1062 1093 abhorret
1074 1034 1130 1091 hoc
1151 1029 1270 1089 haeresis

89 1137 229 1202 portentum
244 1131 279 1188 ab
294 1131 374 1189 omui
389 1133 610 1190 christianorum
624 1151 711 1190 seusu
726 1145 810 1206 atque
830 1133 995 1191 sententia⁸

579 1307 765 1349 recensuit).

114 1447 246 1526 Spiritus
264 1448 394 1511 Sanctus
410 1469 464 1529 per
478 1470 509 1510 se
522 1452 670 1522 subsistit,
685 1472 704 1511 a
717 1452 811 1511 Patre
825 1459 852 1512 et
867 1452 948 1512 Filio
962 1471 1028 1514 uere
1042 1444 1213 1517 distinctus.

117 1559 277 1629 Probatur,
293 1580 330 1620 ec
347 1562 521 1642 Scripttua's.

112 1662 155 1718 et.
176 1660 255 1717 Fuse
270 1659 306 1717 de
326 1661 436 1736 Spiritu
461 1663 566 1719 Sancto
587 1658 654 1738 post
667 1661 797 1719 ultimam
816 1680 928 1719 coenam
956 1663 1112 1737 Apostolos
1133 1664 1273 1723 allocutus

83 1765 117 1812 ast
127 1755 282 1827 Christus:
305 1766 324 1794 ‘⁶
335 1759 402 1835 Ego
415 1760 521 1835 rogabo
536 1760 661 1827 Patrem,
677 1769 706 1816 et
726 1759 813 1816 alium
835 1758 1013 1817 Paracletum
1021 1758 1112 1833 ,dabit
1134 1762 1226 1828 vobis,
1242 1773 1273 1818 ut

86 1861 181 1908 nonest
193 1854 343 1911 vobiscum
358 1855 389 1911 in
402 1865 548 1923 aeternum,
565 1856 704 1931 Spiritum
721 1855 856 1922 veritatis,
868 1874 956 1928 quem
970 1855 1094 1913 mundus
1106 1875 1164 1914 non
1179 1867 1274 1932 potest

84 1948 208 2024 accipere,
224 1951 293 2022 quia
307 1969 364 2007 non
380 1949 457 2008 ridet
470 1970 547 2019 eum,
560 1970 614 2009 nec
629 1953 683 2010 scit
697 1970 774 2009 eum.
812 1951 872 2011 llos
885 1963 979 2009 autern
992 1953 1171 2028 cognoscetis
1186 1970 1272 2020 eum;

84 2043 138 2112 quia
155 2044 232 2120 apud
248 2062 300 2102 vos
313 2046 440 2102 manebit
453 2057 482 2102 et
503 2037 533 2103 iri
554 2047 636 2104 vobis
651 2046 735 2136 erlt.”
757 2088 767 2104 .
789 2088 798 2104 .
821 2087 830 2104 .
852 2056 873 2083 ‘⁶
884 2047 957 2104 Haec
972 2046 1084 2104 locutus
1099 2065 1165 2105 sum
1179 2048 1273 2114 vobis,

84 2139 146 2214 epud
167 2160 220 2199 vos
234 2161 365 2200 manens.
407 2143 571 2201 Paracletus
587 2154 680 2201 autern
696 2144 820 2220 Spiritus
835 2145 968 2213 Sanctus,
979 2164 1069 2218 quem
1084 2146 1176 2204 mittet
1189 2146 1275 2203 Pater

84 2233 229 2296 innomine
244 2256 321 2304 meo,
334 2238 384 2295 ille
399 2257 451 2296 vos
473 2238 586 2298 docebit
604 2241 711 2307 omnia,
724 2251 755 2297 et
768 2252 902 2317 suggeret
916 2242 997 2300 vobis
1018 2242 1115 2300 omnia
1130 2232 1274 2315 quecum-

77 2348 130 2403 une
138 2333 238 2393 dixero
253 2335 382 2394 vobis.”⁴
421 2335 531 2395 “Cum
546 2346 641 2396 autem
656 2339 765 2395 venerit
784 2327 960 2405 Paracletus,
984 2357 1069 2411 quem
1092 2359 1147 2416 ego
1160 2339 1273 2420 mittam

85 2429 150 2486 rotis
173 2450 191 2486 a
214 2431 310 2498 Patre,
326 2432 466 2507 Spiritum
482 2432 607 2489 veritatis
632 2433 681 2504 qui
704 2452 720 2488 a
740 2432 824 2489 Patre
848 2431 985 2507 procedit,
1002 2433 1050 2488 ille
1076 2434 1272 2491 testimonium

84 2523 228 2594 perhibebit
248 2526 361 2585 deme:
384 2537 412 2584 et
432 2546 483 2584 vos
505 2528 700 2585 testimonium
722 2526 917 2602 perhibebitis,
932 2526 981 2596 qui
995 2527 1029 2583 ab
1052 2527 1134 2583 initio
1156 2545 1271 2585 mecum

82 2619 183 2677 estis.’'⁵
223 2621 313 2680 “Sed
333 2640 387 2698 ego
408 2623 554 2680 veritatem
577 2622 641 2679 dico
664 2622 761 2678 vobis:
792 2619 909 2695 expedit
922 2621 1003 2677 vobis
1025 2630 1056 2676 ut
1077 2638 1131 2695 ego
1156 2618 1272 2678 vadam:

84 2713 108 2769 si
125 2718 195 2774 enim
219 2737 277 2777 non
299 2718 406 2786 abiere,
433 2718 596 2776 Paracletus
623 2735 680 2774 non
707 2715 802 2772 veniet
826 2715 861 2772 ad
886 2733 958 2773 ros:
989 2714 1015 2770 si
1042 2724 1137 2772 antem
1164 2715 1272 2783 abiero,

83 2811 178 2870 tultam
191 2834 260 2872 eunt
275 2815 308 2871 ad
331 2834 393 2873 vos.
434 2815 474 2874 Et
488 2834 554 2873 cnm
577 2815 685 2871 venerit
698 2813 757 2880 ille,
773 2824 870 2890 arguet
887 2811 1026 2870 mundum
1041 2811 1078 2870 de
1100 2821 1227 2888 peccato,
1243 2824 1272 2870 et

82 2902 116 2963 de
128 2911 243 2985 justitia,
256 2921 288 2970 et
307 2910 345 2969 de
361 2911 483 2988 jndicio.
507 2953 514 2969 .
537 2954 546 2969 .
569 2953 577 2968 .
600 2911 703 2969 Adhuc
718 2911 806 2968 nutlta
830 2911 920 2970 habeo
934 2909 1014 2968 vobis
1027 2908 1133 2976 dicere,
1145 2909 1200 2967 aed
1214 2928 1273 2969 non

85 3010 187 3076 potestis
205 3000 318 3083 portare
333 3006 428 3066 modo.
470 3008 547 3066 Cum
563 3020 656 3066 autem
672 3009 781 3067 venerit
801 3008 848 3066 ille
864 3007 988 3084 Spiritus
1009 3008 1145 3075 veritatis,
1160 3007 1274 3067 docebit

86 3113 128 3156 tos
146 3123 262 3162 omnent
285 3105 457 3162 veritatem:
480 3124 538 3162 uon
551 3106 627 3162 enirn
641 3105 775 3178 loquetur
787 3126 804 3163 a
817 3106 993 3181 semetipso:
1014 3104 1067 3163 scd
1084 3123 1272 3179 quecumque

86 3196 165 3257 audiet
177 3201 322 3273 loquetur,
335 3215 364 3258 et
377 3219 440 3273 que
457 3211 572 3259 ventura
583 3211 658 3270 eunt,
671 3203 848 3260 annuntiabit
862 3202 953 3259 vobis.
975 3201 1028 3258 Ille
1044 3219 1089 3259 rue
1104 3201 1271 3260 clarificabit

83 3293 180 3359 quiade
195 3314 262 3354 meo
275 3297 406 3372 accipiet,
420 3309 448 3354 et
457 3299 635 3355 annuntiabit
648 3300 739 3355 robis.
762 3297 868 3354 Omnia
880 3314 1070 3369 quaecumque
1079 3296 1165 3354 habet
1175 3298 1270 3365 Pater,

85 3400 222 3452 uerrunt.
264 3395 420 3470 Propterea
433 3395 511 3491 dm?
533 3394 650 3468 quiade
671 3411 737 3450 meo
758 3392 888 3468 accipiet,
902 3402 932 3449 et
951 3391 1129 3448 annuntiabit
1142 3393 1271 3450 vobis.”⁸

109 3547 140 3608 ll)
155 3557 171 3581 “
180 3550 237 3601 The
248 3550 317 3613 Holy
328 3546 410 3603 most
419 3551 465 3600 isa
476 3559 541 3603 most
552 3551 692 3612 significant
701 3556 772 3610 term,
783 3555 809 3598 to
820 3563 919 3612 express
931 3544 1105 3612 conveniently
1117 3546 1197 3598 iuone
1204 3549 1273 3599 word
1328 3594 1337 3600 .

82 3623 109 3675 'll
117 3632 181 3684 those
191 3635 341 3684 miraculcus
349 3634 534 3699 interpositions
545 3637 593 3686 and
604 3637 747 3692 influeuces,
759 3633 893 3696 separately
904 3633 966 3682 from
983 3632 1025 3682 tlte
1036 3631 1166 3695 particular
1182 3632 1272 3685 instru-

80 3719 194 3785 mantntty
215 3722 244 3771 of
256 3721 330 3770 lesus
341 3736 374 3770 on
391 3721 465 3781 canit,
478 3721 561 3771 which
580 3722 636 3770 God
653 3719 752 3769 e'xertcd
768 3707 796 3767 in
812 3717 854 3767 ths
874 3717 969 3780 earthly
986 3716 1171 3767 establisbmsnt
1189 3719 1218 3767 of
1230 3719 1272 3769 the

76 3791 166 3868 (impul,
177 3806 227 3855 ud
238 3805 284 3855 has
295 3807 403 3865 exerted,
415 3806 466 3856 and
477 3807 528 3856 will
539 3814 607 3858 exart
616 3808 644 3857 in
656 3806 687 3856 its
699 3800 881 3870 propagatim?
917 3801 1050 3852 Unitarian
1061 3800 1134 3851 Mna.
1152 3802 1202 3852 vol.
1213 3818 1236 3850 v.
1244 3817 1270 3868 p.

81 3880 133 3938 2⁰9.

61 4007 62 4010 ,
107 3975 145 4033 (2)
162 3971 321 4034 Wolaogen'ii
331 3973 461 4023 declaratis
473 3974 577 4024 duarum
588 3966 724 4024 munte.
735 3972 752 4022 i.

106 4059 142 4120 (3)
159 4057 255 4121 “They
266 4058 357 4108 believe
369 4059 422 4108 that
438 4059 505 4109 there
516 4060 537 4109 is
551 4060 578 4110 in
595 4060 678 4124 Deity,
689 4067 738 4109 two
755 4057 989 4124 incomprehensible
1005 4058 1113 4122 primary
1130 4054 1270 4121 principles,

75 4144 260 4208 ‘etrespoading
268 4145 328 4195 with
339 4146 403 4195 male
420 4146 469 4196 and
485 4146 579 4209 nauale,
590 4163 618 4196 as
628 4146 719 4197 Father
728 4145 779 4196 sud
790 4143 911 4196 Mother.”
929 4144 1069 4195 Benedict's
1078 4130 1177 4210 distem
1192 4141 1226 4212 of
1236 4143 1273 4196 att

77 4219 210 4296 Religions.

103 4315 142 4376 44)
159 4314 233 4364 ,Ιοαιι
244 4312 294 4367 xiv.
304 4316 345 4364 ld.
355 4322 382 4370 et
392 4331 442 4383 req.

106 4398 143 4458 (lt)
159 4397 233 4448 loen.
245 4410 287 4445 xv.
299 4400 340 4448 26.

107 4482 143 4545 td)
159 4479 174 4535 J
177 4496 232 4535 osu·
243 4481 292 4534 tvi.
305 4486 329 4535 7.
