2744 5024
727 18 760 73 'd‘
787 64 791 70 .

226 257 233 264 ’
329 258 386 324 uu
407 264 509 324 tuso
531 251 702 326 ouutsrr
723 266 985 328 uuvrmrsru.
1239 269 1278 323 oo

79 407 168 477 lorma
178 421 254 478 servi
265 422 366 489 factus,
379 431 506 481 naturam
516 424 592 481 servi
603 422 704 493 induit,
716 444 774 483 non
787 444 893 483 meram
908 426 1036 502 speciem
1045 424 1102 482 sibi
1116 440 1276 489 assumens,

84 528 164 585 neca
176 529 275 574 natura
288 516 470 595 disjunctam,
482 519 532 576 sed
548 531 646 578 natura
660 520 751 578 forma
764 521 939 598 obsignatur,
954 521 993 578 ita
1006 521 1125 581 omuino
1138 529 1167 577 et
1180 519 1278 577 dicens

90 626 148 668 eum
159 612 187 670 in
198 613 289 684 forma
304 613 362 671 Dei
375 633 450 683 esse,
460 625 588 673 naturam
604 634 654 692 per
668 617 787 675 sormam
802 616 985 674 iudicavit.”¹
1009 617 1079 676 Ideo
1089 616 1195 675 nullum
1206 616 1279 673 aesti-

29 764 31 769 .
96 709 171 766 mavit
183 712 321 786 rapinam,
337 711 392 768 sed¹
409 714 568 770 certissime
581 715 663 770 novit
682 704 727 771 sui
741 732 805 771 esse
820 714 899 789 paria
919 714 1023 784 Patris,
1037 732 1126 786 seque
1139 714 1167 770 ei
1181 720 1278 790 parem

96 807 197 863 omuino
211 825 285 865 esse.
328 809 418 866 Esset
438 808 505 867 verb
520 811 618 885 rapina
632 822 660 868 et
684 811 864 886 blasphemia
877 811 955 888 paria
975 812 1040 870 Deo
1056 811 1205 878 adfectare,
1221 810 1279 867 nisi

52 938 56 943 -
99 898 151 975 ipse
163 901 236 959 Deus
252 913 339 960 esset.
382 904 507 961 Tantum
523 905 595 961 inter
606 907 784 981 majestatem
799 906 925 964 divinam
939 917 969 965 et
981 907 1136 964 humanam
1150 910 1279 964 naturam

47 1028 52 1037 ·
85 995 227 1064 ⁸intercedit
240 999 431 1067 interuallum,
446 1012 478 1058 ut
498 1001 593 1077 hujus,
607 1003 776 1077 assumptio,
799 1003 876 1059 nulla
889 1003 956 1060 lieet
969 1021 1034 1060 cum
1054 1011 1159 1060 naturae
1174 1001 1278 1060 dirinae

109 1094 250 1162 mutatione,
265 1096 402 1168 nulloque
417 1116 484 1154 cum
499 1099 654 1174 majestatis
676 1097 838 1174 dispendio,
855 1099 1012 1157 exinanitio
1026 1099 1171 1156 habeatur.
1214 1096 1281 1158 Cae·

105 1199 175 1248 terum
188 1191 308 1248 humana
321 1203 421 1249 natura
435 1193 453 1250 J
455 1211 516 1260 esu,
532 1194 561 1250 in
576 1191 744 1251 obedientiae
760 1203 789 1250 et
803 1193 971 1251 humilitatis
986 1193 1149 1270 premium,
1163 1209 1278 1250 summo

107 1284 191 1343 honore
204 1297 283 1344 aucta
298 1296 352 1354 est,
371 1288 463 1346 cultus
478 1289 527 1361 qui
549 1288 654 1347 divinae
669 1300 773 1347 naturae
793 1291 923 1348 tribuitur
936 1290 1080 1366 particeps
1094 1289 1176 1346 sacta.
1218 1288 1279 1350 No·

37 1460 40 1465 ¹
109 1382 234 1440 meuJesu
248 1394 277 1440 et
291 1382 414 1458 dignitas
436 1384 590 1442 salvatoris
605 1403 690 1442 omne
711 1403 816 1442 nornen
831 1397 859 1442 et
883 1384 1049 1461 dignitatem
1070 1383 1220 1440 hominum
1234 1381 1280 1438 vel

108 1477 245 1552 angelorum
260 1478 385 1546 excellit,
402 1480 485 1551 eique
508 1481 635 1556 supremi
650 1480 742 1537 cultus
763 1481 926 1540 testimonia
948 1480 1015 1538 dant
1028 1480 1161 1538 homines
1176 1495 1277 1535 omnes

110 1574 224 1650 ataugeli,
239 1575 285 1632 vel
300 1586 375 1632 certe
390 1577 439 1647 qui
461 1575 530 1634 illud
552 1577 581 1633 in
596 1578 676 1634 terris
691 1577 849 1653 negligunt,
861 1578 891 1635 in
905 1595 998 1634 aevum
1012 1575 1093 1633 luent
1106 1593 1222 1650 <poenas
1238 1573 1279 1649 ip·

109 1684 156 1726 sun
167 1669 320 1728 Dominum
335 1681 368 1728 et·
379 1671 507 1746 judicem
528 1672 610 1728 inviti
623 1669 778 1748 experturi.
821 1670 906 1738 Quod
926 1683 1020 1729 autem
1035 1670 1159 1728 Unitarii
1174 1680 1203 1726 et
1222 1668 1279 1727 Ra·

80 1811 83 1814 .
108 1765 226 1824 tioualistae
241 1768 364 1824 formant
378 1768 434 1824 Dei
449 1762 592 1845 explicite
602 1769 692 1826 velint
705 1769 741 1826 de
755 1769 851 1826 diviua
863 1768 985 1841 uuadam
1001 1767 1165 1824 auctoritate
1179 1775 1208 1822 et
1221 1784 1279 1823 ma-

104 1857 190 1930 jestate,
205 1882 269 1936 quae
284 1873 379 1921 tamen
395 1883 412 1920 a
425 1882 559 1940 suprema
580 1865 637 1922 Dei
650 1874 749 1922 natura
764 1864 962 1940 distinguatur,
976 1872 1006 1920 et
1018 1863 1140 1920 formam
1154 1861 1229 1917 servi
1244 1858 1280 1915 de

105 1955 242 2036 eruditione
264 1959 410 2034 mancipii,
425 1961 471 2017 vel
492 1961 618 2019 hominis
641 1979 657 2016 e
678 1945 774 2036 vulgo,
790 1959 951 2036 opprobriis
971 1959 1000 2015 ct
1014 1956 1149 2014 aerumnis
1161 1955 1278 2030 objecti,

103 2048 181 2112 intua
200 2057 241 2124 tit,
263 2075 352 2128 quum
375 2057 531 2136 Apostolus
549 2048 587 2114 'de
608 2067 707 2114 natura
720 2057 826 2126 divina,
842 2076 908 2131 'qua
924 2057 1032 2128 absque
1059 2053 1163 2130 injuria
1184 2051 1280 2124 aliqua

101 2138 174 2205 Filius
193 2150 259 2208 Deo
274 2152 347 2209 soret
368 2153 496 2224 aequalis,
511 2153 652 2225 loquatur,
667 2163 696 2210 et
714 2152 861 2213 denatura
881 2153 1016 2217 humana,
1033 2169 1089 2224 qua
1109 2148 1228 2225 contigit
1248 2159 1279 2206 ut

60 2245 63 2248 ’
97 2246 146 2310 nuti
157 2247 289 2319 morique
301 2258 409 2323 posset.

128 2345 167 2400 68.
188 2344 345 2421 Apostolus
359 2345 401 2402 ud
423 2343 607 2404 colossenses
627 2347 765 2416 scribens,
781 2357 935 2424 postquam
949 2362 1066 2404 omnem
1080 2352 1240 2401 creaturam
1263 2361 1280 2397 a

86 2425 154 2494 Filio
166 2450 256 2497 ortam
273 2440 475 2510 declaraverat,
491 2441 526 2500 de
541 2443 616 2518 ipso,
632 2454 776 2516 tamquam
790 2444 918 2510 homine,
933 2442 1058 2518 perrexit
1070 2440 1167 2514 loqui:
1185 2439 1280 2514 “ipse

80 2539 128 2587 est
138 2546 219 2609 caput
233 2538 362 2610 eorporis
378 2537 529 2600 Ecclesiae,
545 2539 594 2607 qui
609 2550 652 2592 est
666 2540 849 2611 principium,
864 2538 1072 2610 primogenitus
1088 2554 1125 2589 ex
1139 2534 1276 2590 mortuis:

79 2631 159 2687 utsit
171 2631 201 2687 in
214 2632 353 2688 omnibus
367 2634 430 2707 ipse
445 2632 598 2706 primatum
613 2641 724 2689 tenens.
767 2631 842 2696 Quia
856 2631 887 2687 in
898 2608 962 2704 ipso
978 2628 1150 2703 complacuit
1163 2646 1279 2686 omnem
1314 2670 1322 2683 ,

78 2724 282 2798 plenitudinem
308 2727 510 2784 inhabitarem
561 2727 741 2784 Altissimum
767 2726 823 2782 hoc
848 2725 1018 2799 mysterium
1046 2723 1125 2797 cupit
1149 2720 1280 2779 fidelibus
1339 2771 1345 2785 ,

78 2819 160 2894 plene
171 2823 351 2895 innotescere
364 2843 372 2880 ε
388 2824 549 2882 “instructi
564 2824 594 2880 iu
609 2822 753 2888 charitate,
766 2830 794 2878 et
807 2821 837 2877 in
853 2837 954 2876 omnes
967 2817 1080 2875 divitias
1095 2815 1279 2891 plenitudinis

77 2913 245 2983 intellectus,
260 2919 478 2995 insignitionem
494 2919 625 2996 mysterii
640 2919 696 2976 Dei
712 2918 808 2975 Patris
822 2926 850 2973 et
865 2914 977 2972 Christi
988 2913 1081 2971 Jesu:
1098 2912 1128 2968 in
1143 2929 1200 2984 quo
1215 2923 1281 2970 suut

78 3029 178 3071 omnes
201 3015 327 3072 thesauri
341 3017 488 3092 sapientiae
506 3027 534 3074 et
555 3017 681 3074 scientias
695 3012 899 3084 absconditiss’³
919 3015 936 3049 '²‘
956 3013 973 3048 i
994 3012 1010 3046 *
1032 3010 1067 3067 ln
1088 3008 1154 3084 ipso
1174 3007 1281 3066 habitat

80 3112 169 3168 omnis
184 3112 332 3187 plenitudo
347 3113 500 3171 divinitatis
523 3111 757 3189 corporaliter.”⁴
797 3112 872 3170 Haec
887 3129 956 3168 sane
971 3116 1057 3166 totam
1073 3105 1280 3183 plenitudinem
1324 3166 1327 3172 ,

82 3205 243 3275 divinitatis,
259 3228 317 3266 nou
334 3211 493 3286 portionem
516 3210 668 3283 quandam,
684 3208 802 3270 Christo
817 3209 979 3274 vindicant;
1001 3224 1068 3264 vere
1082 3204 1160 3262 euim
1175 3213 1202 3260 et
1216 3203 1281 3261 sub·

84 3303 247 3361 stantialiter
261 3305 400 3372 Verbum,
416 3306 492 3379 quod
514 3306 594 3363 Deus
614 3317 667 3374 est,
682 3307 712 3364 in
727 3306 851 3363 humana
864 3315 963 3363 natura
983 3301 1129 3369 habitavit,
1143 3318 1210 3358 caro
1225 3300 1281 3383 fuc-

83 3409 157 3456 iuni:
172 3404 197 3453 ἐν
208 3402 275 3468 αὐτῷ
286 3404 399 3456 munit
410 3399 459 3456 nutu
470 3408 500 3457 τὸ
512 3400 628 3472 πλήρωμα
638 3400 681 3472 τῆς
692 3411 809 3472 §torpeus
821 3406 972 3471 σωματικῶς.

116 3494 271 3557 Probatur
291 3493 324 3552 V.
340 3512 376 3552 er
396 3495 575 3554 testimoniis
591 3513 655 3572 que
667 3494 725 3552 Dei
734 3492 927 3574 perfectiones
944 3499 972 3550 et
986 3509 1076 3570 opera
1090 3490 1196 3550 diuina
1209 3489 1283 3550 Jeru

88 3592 204 3652 Christo
216 3589 363 3650 tribuunt.
1162 3588 1164 3593 ⁴

118 3695 167 3749 69.
190 3689 258 3764 Ipse
273 3687 328 3743 sibi
340 3685 464 3742 vindicat
474 3687 570 3744 omnia
582 3705 644 3759 quae
656 3695 723 3744 sunt
736 3686 840 3752 Patris,
853 3683 929 3757 quod
941 3701 1010 3741 sane
1020 3681 1192 3761 impiunloret
1202 3699 1283 3746 usur·

86 3788 154 3862 patio
165 3787 195 3844 in
207 3793 335 3842 creatura
348 3783 480 3854 quamvis
496 3784 751 3860 prestantissima:
774 3782 912 3838 “Omnia
926 3798 1114 3852 quaecumque
1130 3779 1214 3837 habet
1228 3780 1282 3838 Pa·

87 3890 131 3952 ter,
154 3899 220 3940 mea
240 3877 352 3936 suut.”⁶
392 3878 496 3936 “Mea
519 3880 616 3936 omnia
640 3888 687 3935 tua
708 3885 783 3942 sont,
805 3887 834 3932 et
856 3887 903 3932 tua
923 3872 1121 3930 mearsuntss’!
1161 3872 1278 3932 Oreatio

88 3976 178 4034 mundi
192 3973 403 4052 eiqsaepissime
424 3971 612 4031 adscribitur:
634 3983 663 4030 et
682 3971 812 4044 quamvis
828 3970 860 4027 S.
875 3968 1003 4027 ioannes
1018 3965 1187 4044 plerumque
1207 3966 1282 4026 dicat

90 4087 134 4147 per
145 4091 211 4130 eum
225 4073 251 4125 δί
264 4066 338 4124 turoi
352 4069 450 4127 omnia
462 4078 565 4138 creata,
580 4070 623 4127 vis
639 4078 735 4127 tamon
749 4067 835 4144 hujus
858 4065 938 4124 vocis
960 4083 994 4123 ea
1007 4081 1066 4124 non
1079 4069 1133 4136 est,
1143 4069 1176 4118 ut
1188 4062 1285 4121 minis·

590 4238 598 4284 Ι

184 4336 226 4401 (1)
247 4333 277 4382 L.
289 4337 313 4385 3.
324 4344 408 4386 contre
419 4337 527 4389 Eunom.
825 4333 868 4401 (4)
887 4349 911 4382 v.
923 4337 947 4382 9.

180 4419 224 4489 (2)
246 4417 377 4468 Gobils.
828 4420 870 4483 (5)
889 4418 954 4467 Joun
964 4417 1014 4466 xvi.
1028 4419 1067 4463 15.

180 4503 225 4573 (3)
245 4501 282 4557 lb,
294 4501 329 4556 11,
340 4506 364 4556 2.
836 4504 873 4564 (6)
892 4501 964 4552 Joatn
975 4500 1034 4551 xvii.
1050 4501 1090 4550 10.

764 4724 1044 4848 illittliltl
