2744 5024
420 112 478 175 ne
500 112 673 173 enarre
695 114 926 228 errrorem.
944 80 946 84 ’
1222 128 1282 186 aer

82 257 112 320 S.
128 261 269 346 Prosper,
284 270 319 328 ad
339 270 531 348 Augrrstinum
546 272 719 338 scribensu
723 282 879 345 ‘quantum
901 223 936 333 ad
957 275 1053 334 Deum
1074 263 1205 354 pertinet,
1219 300 1283 343 οιιι·
1345 298 1358 311 ·

79 352 166 420 nibus
156 374 308 444 paratam
322 367 407 423 vitam
423 376 576 423 aeternamr
594 377 730 438 quantum
746 380 839 426 autem
854 369 888 426 ad
903 371 1008 429 arbitrii
1023 371 1188 441 libertatem,
1201 348 1264 432 ab
1246 394 1297 434 trs·

81 476 143 516 earn
160 461 346 536 apprehendi,
360 481 409 534 qur
401 461 489 520 Deo
503 473 605 538 sponte
617 463 797 532 crediderint,
808 477 836 522 et
849 466 988 525 auxilium
999 468 1096 544 gratiae
1109 471 1209 528 merito
1223 490 1283 529 cre·

80 553 207 613 dulitatis
223 557 429 634 acceperint.’'¹

121 656 189 711 127.
216 653 283 732 obj.
300 659 329 714 8.
352 635 475 732 Intelligi
489 674 546 713 non
570 665 665 732 potest
686 657 832 727 quomodo
856 658 975 716 liberum
991 663 1103 717 maneat
1124 663 1298 735 arbitrium·

82 749 170 824 gratia
186 750 361 809 voluntatem
378 751 520 809 movente.

120 850 189 902 128.
212 846 302 924 Reap.
325 848 427 906 Plures
442 860 508 905 sunt
522 848 645 906 rationes
660 850 764 921 quibus
786 850 855 908 illud
870 852 1039 928 explicetur,
1054 855 1100 913 vel
1124 857 1200 912 enim
1216 875 1281 914 cum

83 941 205 1010 Melina,
220 957 307 1015 quem
322 953 401 1020 putat
425 944 466 1002 Le
487 945 607 1002 Maistre
629 945 748 1004 feliciter
762 947 868 1005 nodum
892 949 1024 1016 solvisse,
1040 949 1119 1008 dicas
1134 951 1281 1009 efficacem

82 1056 142 1096 esse
157 1041 277 1114 gratiam
293 1058 328 1098 eo
342 1042 406 1118 ipso
421 1041 497 1114 quod
513 1042 642 1098 voluntas
657 1044 748 1100 motui
770 1044 867 1129 divino
883 1045 984 1113 cedat;
1008 1047 1053 1104 vel
1068 1067 1132 1105 curn
1148 1048 1210 1104 aliis
1226 1047 1281 1124 ipsi

82 1136 174 1212 gratiae
190 1136 250 1193 vim
265 1137 359 1194 inesse
374 1137 527 1194 voluntatis
542 1138 683 1195 alliciendi
699 1158 870 1198 consensum
884 1160 1024 1199 censeas:
1042 1162 1109 1200 num
1123 1142 1187 1200 ideo
1202 1142 1282 1201 dubi·

82 1231 195 1289 tandum
211 1232 306 1289 Deum
322 1251 408 1308 posse
423 1232 462 1289 ita
477 1250 592 1291 movere
607 1235 780 1292 voluntatem
792 1247 823 1293 ut
834 1232 992 1294 consensus
1004 1241 1082 1296 certd
1098 1248 1242 1310 sequatur,
1254 1249 1284 1296 et

62 1314 64 1319 ¹
82 1315 173 1386 tamen
189 1329 275 1404 plena
288 1348 353 1386 oum
365 1329 515 1386 libertate?
558 1329 701 1387 Caeterum
714 1332 780 1389 licet
793 1332 889 1407 gratier
902 1352 967 1390 curn
982 1334 1109 1391 libertate
1121 1334 1282 1400 concordiae

35 1406 37 1425 Ι
81 1426 209 1485 ineundae
224 1429 295 1484 ratio
309 1426 434 1484 difficilis
451 1414 603 1485 admodum
618 1429 758 1500 aliquibus
781 1428 919 1498 videatur,
935 1441 1018 1506 prout
1038 1431 1095 1507 ipsi
1109 1433 1281 1509 Augustino,

83 1542 134 1582 nou
148 1522 215 1581 ideo
230 1523 361 1581 alterutra
376 1518 480 1582 incerta
494 1523 604 1590 evadet,
621 1544 710 1596 quum
725 1543 761 1581 ex
784 1525 930 1601 Scriptura
945 1535 974 1582 et
996 1527 1135 1584 Ecclesiae
1159 1530 1281 1586 solemni

83 1620 206 1679 doctrine
219 1622 338 1678 omnino
352 1630 472 1679 constet.
496 1611 589 1678 Nobis
604 1623 690 1679 verba
704 1619 873 1679 Tridentini
887 1640 1040 1698 usurpasse
1055 1635 1098 1680 sat
1111 1635 1164 1690 est,
1176 1626 1281 1698 quibus

85 1717 219 1776 doeemur
240 1727 403 1794 peccatores
418 1737 470 1794 per
484 1719 540 1776 Dei
555 1719 725 1777 excitantem
741 1728 825 1790 atque
836 1718 1016 1796 adjuvantem
1032 1721 1150 1795 gratiam
1165 1720 1199 1778 ad
1214 1740 1281 1778 con·

35 1836 37 1867 :
83 1813 248 1872 vertendum
262 1832 294 1871 se
308 1813 343 1871 ad
357 1833 438 1872 suern
454 1815 590 1895 ipsorum
594 1814 840 1890 justificationem,
853 1814 949 1871 eidem
973 1814 1068 1891 gratiae
1082 1815 1169 1874 libere
1184 1834 1281 1873 assen-

81 1909 175 1966 tiendo
187 1920 216 1966 et
229 1908 410 1985 cooperando
421 1909 535 1985 disponi
546 1929 555 1978 ;
580 1910 619 1966 ita
629 1921 660 1966 ut
671 1920 802 1986 tangente
815 1909 879 1967 Deo
890 1929 941 1968 cor
955 1902 1080 1968 hominis
1093 1929 1145 1986 per
1155 1911 1280 1986 Spiritus

80 2007 177 2066 ‘Sancti
192 2007 441 2074 illuminationem,
456 2009 552 2080 neque
565 2007 655 2080 horno
670 2007 733 2083 ipse
754 2007 827 2064 nihil
841 2008 959 2065 omnino
974 2017 1048 2085 agat,
1063 2008 1289 2084 inspirationem,

83 2101 156 2160 illam
181 2103 343 2178 reeipiens;
367 2102 473 2178 quippe
494 2103 544 2175 qui
567 2112 595 2159 et
608 2103 686 2160 illam
706 2103 828 2180 abjicere
851 2113 964 2179 potest:
990 2122 1084 2176 neque
1106 2114 1200 2162 tamen
1217 2105 1281 2161 aine

78 2198 166 2274 gratia
180 2197 239 2256 Dei
252 2215 367 2256 movere
381 2215 413 2255 se
428 2197 463 2254 ed
480 2198 622 2276 justitiam
637 2217 732 2256 coram
747 2199 796 2256 illo
809 2199 898 2256 libera
918 2218 970 2257 sua
986 2200 1129 2258 voluntate
1144 2199 1282 2277 possit.''⁸

563 2390 794 2432 amitternum.

119 2535 187 2591 129.
210 2529 375 2591 Concordia
387 2529 453 2589 fidei
467 2529 623 2590 Catholicae
639 2530 668 2588 in
682 2547 717 2595 eo
732 2539 776 2586 est
789 2530 938 2588 manifesta
954 2528 1030 2602 quod
1044 2531 1139 2606 gratiae
1156 2530 1191 2588 ad
1204 2533 1279 2591 salu-

80 2637 150 2691 tares
166 2637 257 2695 actus,
271 2637 299 2685 et
312 2627 347 2685 ad
361 2628 457 2704 ipsum
469 2625 536 2686 fidei
547 2627 670 2694 initium,
683 2626 880 2685 necessitatem
894 2645 994 2685 omnes
1006 2642 1120 2684 summo
1134 2645 1278 2687 consensu

79 2723 216 2782 fateantur
230 2722 384 2799 Theologi,
399 2723 473 2781 sicut
486 2720 572 2779 etiam
586 2720 718 2778 humanae
740 2719 892 2779 voluntatis
915 2721 968 2777 sub
989 2721 1078 2800 gratia
1099 2721 1276 2793 libertatem:

81 2828 136 2877 tota
159 2818 370 2876 concertatione
395 2816 575 2892 Theologica
599 2816 629 2872 in
654 2815 740 2879 inodo
765 2833 822 2889 quo
847 2814 1031 2872 conciliandae
1055 2815 1113 2872 sint
1136 2826 1275 2872 versante.

80 2913 168 2991 igitur
181 2898 210 2972 et
230 2914 344 2973 libertas
359 2913 566 2987 sententiarum
581 2925 610 2969 et
623 2910 691 2968 fidei
705 2912 798 2969 unitas
819 2911 948 2969 habetur.
992 2912 1056 2969 Nos
1079 2929 1198 2967 necesse
1219 2929 1276 2968 non

80 3019 210 3085 putamus
224 3010 256 3068 in
269 3009 388 3085 alicujus
403 3009 488 3068 verba
505 3008 611 3084 jurare,
627 3026 680 3065 nec
694 3027 843 3084 gravamur
857 3009 886 3066 in
900 3027 930 3065 re
945 3007 1016 3066 adeo
1037 3006 1148 3065 difficili
1170 3007 1276 3064 haerere

81 3107 228 3186 aucipites,
242 3106 339 3169 nevel
353 3106 448 3182 gratiae
463 3106 598 3181 potentlae
612 3105 758 3163 detrahere
774 3095 1028 3178 videamur,qua1n
1043 3105 1196 3163 maximam
1212 3121 1277 3161 esse
1329 3106 1333 3121 “

82 3223 137 3264 non
151 3204 326 3271 dubitamus,
342 3203 386 3261 vel
401 3203 520 3260 liberum
536 3201 677 3279 denegare
692 3204 847 3271 arbitrium,
863 3203 939 3277 quod
955 3204 1090 3263 Ecclesia
1103 3202 1233 3269 docente,
1249 3213 1277 3260 et

84 3303 177 3360 intimo
192 3302 279 3358 animi
294 3319 381 3358 sensu
397 3301 540 3358 novimus.
569 3299 669 3356 Liceat
680 3300 798 3356 nobis“
810 3319 868 3358 nou
884 3300 947 3376 plus
959 3319 1059 3376 sapere
1071 3308 1279 3377 quamoportet

85 3416 197 3477 tepere.
220 3397 273 3456 sed
286 3416 386 3474 sapere
401 3397 435 3454 ad
456 3394 684 3454 sobrietatem.”a

446 3589 488 3654 (1)
508 3589 556 3651 Ep.
568 3586 618 3636 225
630 3586 694 3636 inter
705 3587 771 3649 Aug.

444 3677 482 3736 (2)
500 3672 569 3721 Trid.
581 3671 660 3721 Onne.
672 3671 736 3721 Sese.
747 3672 783 3722 vi,
791 3688 813 3722 e.
825 3675 849 3722 ὅ.

445 3760 481 3820 (3)
500 3757 571 3807 Rom.
582 3756 625 3806 xii.
638 3758 662 3806 3.
