2744 5024
77 244 118 301 os
344 237 401 299 nu
421 234 525 301 suso
546 235 718 297 cuntem
741 208 1001 296 autunum.

77 397 264 462 confirmavit,
279 402 426 453 mansuete
446 412 511 457 enm
533 392 756 471 reprehendens,
768 390 847 468 qood
867 402 954 455 autea
969 390 1090 452 credere
1111 390 1269 450 dubitasset.

78 494 184 562 “Quia
197 491 292 549 vidisti
307 509 364 559 me,
386 490 513 558 Thomu,
527 488 691 547 credidisti:
713 489 788 548 beati
801 490 851 563 qui
871 508 929 550 nou
944 487 1081 573 uiderunt
1103 500 1134 546 et
1153 485 1269 546 credide·

77 587 188 648 runt”¹
1254 648 1259 661 ,

111 687 153 734 56.
169 678 1263 753 Oitcpamrstisimtoo>aooifxtnnntotwsssip3s&wmt'sopwv'tostoarttttorss'tntl‘

77 769 125 825 ἦν·
143 772 302 836 assensn
313 774 349 836 τῷ
360 767 472 838 (iamai,
483 772 607 835 155ῶῦιῷ
619 772 694 824 anot
705 776 878 838 ΙησουΧριςφ·
905 764 1261 838 Οντοςέσωὸὤηὲυὸςδῶ(

78 855 209 926 mltos}
220 857 334 918 novoe·
374 857 519 913 “Scimus
534 856 669 928 quoniam
689 855 780 913 Filius
801 855 858 913 Dei
871 856 959 922 venit,
974 866 1003 913 et
1016 855 1096 913 dedit
1113 854 1257 912 nobissen·

80 968 156 1016 sum,
171 962 202 1008 ut
215 968 421 1027 cognoscamus
436 969 533 1009 verum
556 951 660 1018 Deum,
675 963 703 1011 et
715 951 806 1009 simus
822 951 850 1008 in
866 969 933 1009 vero
955 933 1037 1010 Filio'
1046 952 1122 1028 ejus.
1163 949 1256 1007 Hicest

81 1064 165 1104 verus
181 1046 260 1104 Deus
274 1059 302 1105 et
318 1049 374 1106 vita
387 1047 521 1105 aterna?
553 1048 671 1105 Graecus
687 1057 781 1105 textus
796 1046 880 1123 plane
894 1047 1019 1123 postulat
1031 1056 1063 1104 ut
1074 1047 1163 1104 Jesus
1176 1045 1255 1102 Chris·

82 1152 128 1199 tus
142 1160 226 1199 verus
241 1141 329 1217 Deus⁸
344 1154 528 1218 agnoscatur3
555 1161 713 1218 pronomen
728 1143 804 1200 enim
819 1140 855 1199 ad
875 1124 941 1200 eum
965 1143 1128 1200 necessario
1150 1141 1253 1199 refertur.

83 1235 152 1293 Sive
165 1252 209 1290 roo
219 1245 330 1304 ωηδινον
342 1238 532 1314 intelligamus
544 1237 654 1305 Deum,
677 1248 759 1314 prout
773 1237 897 1313 explicat
911 1237 1053 1314 vulgatus
1068 1239 1209 1313 interpres,
1222 1234 1254 1293 rel

83 1350 181 1390 verum
200 1333 351 1402 Messium,
367 1335 416 1407 qui
430 1345 458 1391 et
472 1336 534 1410 ipse
556 1335 658 1393 veritas
673 1345 726 1403 est,
742 1334 819 1408 qnod
834 1335 925 1411 magis
945 1345 1068 1410 recepte
1082 1334 1193 1393 lectioni
1204 1351 1254 1391 con·

83 1412 168 1504 graii,
185 1428 277 1485 Filius
293 1440 368 1488 certe
384 1449 466 1488 verus
483 1432 562 1489 Deus
574 1430 685 1488 dicitur.
1053 1504 1057 1512 .

123 1528 171 1582 57.
194 1523 349 1599 Apostolus
363 1525 471 1583 Paulus
485 1526 519 1583 ad
543 1527 689 1584 Romanos
703 1527 831 1584 scribens
845 1524 948 1584 extulit
969 1525 1120 1602 privilegia
1137 1522 1254 1599 israelita:

28 1692 39 1699 “
82 1636 165 1680 nrm:
191 1621 380 1701 “exquibus
402 1632 446 1678 est
460 1620 594 1678 Christus
615 1621 772 1679 secundum
794 1639 919 1689 carnem,
941 1621 990 1693 qui
1012 1629 1057 1676 est
1076 1618 1254 1696 superomnia

83 1719 164 1777 Deus
172 1718 342 1778 'benedictus
358 1719 387 1775 in
401 1718 538 1777 saecula.”
560 1717 585 1780 ἐξ
597 1724 629 1771 ὢν
641 1721 654 1771 ὁ
665 1719 773 1787 Χριστός
783 1723 813 1772 τὸ
824 1733 891 1775 mc
902 1716 986 1788 σάρκα,
998 1721 1011 1772 ὁ
1023 1723 1056 1770 ὤν
1067 1719 1107 1771 tal
1120 1715 1254 1774 πάντωνθεὸς

83 1820 321 1886 ζωογητὸςεῑςτους
335 1812 427 1875 moos.
444 1813 526 1884 ipos-³
573 1812 716 1878 Christus,
739 1812 789 1883 qui
804 1794 880 1884 quod
906 1809 940 1867 ad
967 1829 1082 1868 carnem
1109 1811 1254 1875 attinetur

84 1911 220 1970 Israelitis
235 1924 312 1968 ortus
335 1921 387 1978 est,
406 1913 468 1985 ipse
483 1930 569 1985 super
583 1928 628 1965 res
650 1926 750 1965 omnes
765 1918 871 1965 creatas
886 1905 955 1964 vere
975 1907 1078 1964 dicitur
1093 1905 1172 1963 Deus
1190 1906 1255 1962 bene·

84 2007 177 2065 dictus
192 2009 220 2065 in
236 2019 382 2062 aeternum.
405 2006 546 2079 Suprema
560 2005 621 2079 ejus
637 2003 769 2060 divinitas
785 2003 877 2061 verbis
892 2003 1058 2060 clarioribus
1071 2000 1204 2059 enuntiari
1213 2014 1255 2056 nou

86 2105 185 2179 potuit,
198 2103 304 2177 quippe
316 2102 365 2173 qui
379 2111 398 2137 ‘⁶
407 2101 490 2157 Duos
501 2118 595 2156 suren
605 2098 721 2156 onn1u”
735 2111 858 2169 vocatur,
872 2102 945 2158 sicut
954 2111 982 2156 et
990 2100 1085 2166 Pater,
1097 2102 1159 2153 otus
1167 2096 1258 2150 moeno-⁴

85 2195 169 2262 Quod
185 2206 278 2252 autem
296 2196 384 2252 velint
396 2195 536 2252 sociniani
551 2192 742 2270 doxologiam
756 2196 802 2252 hic
816 2195 913 2262 inseri,
926 2195 1002 2252 nulla
1014 2195 1121 2251 ratione
1136 2193 1258 2271 probatur.

84 2307 138 2347 nec
152 2289 296 2346 contextui
308 2289 448 2365 congruit,
463 2307 500 2346 ex
515 2289 587 2345 serie
599 2289 675 2346 enim
690 2291 832 2348 sermonis
846 2290 917 2348 nihil
932 2301 1049 2365 apparet
1061 2307 1111 2346 cur
1125 2285 1260 2363 Apostolus

84 2404 147 2443 eam
164 2384 245 2442 edat:
267 2384 319 2441 sed
330 2405 419 2461 scopo
433 2386 560 2443 maxime
570 2387 703 2444 convenit
714 2389 799 2445 verba
808 2386 842 2444 de
859 2387 976 2444 Christo
988 2386 1129 2461 accipere,
1139 2382 1265 2442 Israeliten

85 2482 194 2539 scilieet
213 2482 347 2540 maximis
371 2483 528 2560 privilegiis
553 2493 661 2551 auctos,
687 2484 752 2542 inde
781 2472 1054 2563 prasertim'liqu'et
1079 2483 1157 2555 quod
1183 2479 1268 2540 exiis

87 2578 221 2635 Christus
247 2580 294 2646 sit,
316 2592 455 2651 quatenus
476 2590 520 2636 est
541 2579 638 2647 homo,
654 2581 704 2653 qui
724 2581 808 2638 simul
830 2590 875 2637 est
897 2581 976 2637 Deus
999 2599 1161 2656 supremus.
1201 2577 1272 2635 Hinc

86 2673 295 2750 Wolzogenins
310 2675 344 2733 ad
360 2677 443 2734 aliam
458 2675 677 2751 explicationem
689 2676 826 2752 confugit,
839 2675 890 2733 sed
903 2676 1008 2733 infelici
1024 2675 1107 2752 plane
1122 2674 1275 2732 successu.⁶

126 2776 174 2829 58.
198 2782 218 2808 “
229 2773 423 2848 Expectantes
439 2775 549 2831 beatam
564 2792 656 2849 spem,
669 2784 697 2829 et
711 2773 862 2830 adventum
878 2773 974 2849 gloriae
989 2773 1086 2847 magni
1101 2772 1168 2840 Dei,
1183 2782 1211 2829 et
1220 2770 1275 2828 Sal·

86 2869 189 2926 valoris
213 2869 302 2925 nostri
322 2869 393 2926 Jesu
416 2868 571 2925 Christi.”⁸
610 2869 795 2938 προσδεχόμενοι
805 2871 850 2936 τὴν
861 2865 978 2935 pnxnpt'oo
990 2865 1078 2920 ελπίδα
1088 2867 1130 2920 καὶ
1148 2865 1277 2933 ἐπιφάνειαν

85 2969 130 3033 τῆς
141 2964 209 3033 δόξῂς
221 2966 265 3018 τοῦ
285 2979 391 3033 μεγαλου
403 2965 460 3024 θεοῦ
477 2967 519 3017 καὶ
539 2963 641 3034 σωτῇρος
652 2965 718 3033 ἡμῶν
731 2960 809 3032 Ἰησοῦ
827 2964 944 3032 Χςιστόυ-
985 2960 1107 3018 Constat
1120 2962 1167 3018 hie
1181 2962 1226 3038 agl
1245 2961 1279 3018 de

85 3059 210 3134 gloriosa
225 3056 447 3114 manifestatione
464 3059 591 3126 Christi3
607 3079 659 3117 nec
674 3059 750 3115 enim
766 3059 845 3115 ullibi
860 3059 889 3115 in
904 3059 1070 3133 Scripturis.
1087 3059 1127 3115 uti
1141 3059 1215 3116 bene
1235 3057 1280 3115 ad·

87 3155 195 3212 notavit
209 3152 360 3218 Erasmus,
374 3153 500 3222 {nodosus
517 3155 552 3212 de
567 3157 631 3213 Deo
647 3158 731 3214 Patre
746 3156 864 3212 dicitur:
887 3156 995 3213 articuli
1010 3167 1102 3213 antem
1112 3175 1194 3223 usus,
1202 3157 1282 3232 juxta

86 3248 192 3323 linguae
207 3250 431 3324 proprietatem,⁷
445 3250 569 3325 postulat
581 3263 612 3309 ut
625 3251 711 3308 Jesus
728 3251 862 3308 Christus
878 3271 999 3327 magnus
1014 3252 1095 3309 Deus
1108 3262 1136 3309 et
1150 3253 1283 3310 Servatur

87 3353 183 3401 noster
207 3343 386 3419 intelligatur,
402 3345 447 3401 vel
471 3346 570 3404 saltem
594 3356 766 3422 utmagnus
792 3346 849 3413 ille,
866 3345 946 3403 Deus
969 3358 997 3404 et
1020 3347 1155 3404 Servatur
1176 3357 1281 3414 noster,

84 3440 173 3503 Jesus
188 3439 322 3498 Christus
341 3452 517 3519 agnoscatur.
560 3441 664 3503 Merito
680 3443 765 3520 igitur
787 3445 817 3503 S.
834 3427 963 3521 cyrillus
984 3443 1202 3502 Alexandrinus
1227 3445 1281 3501 ait:

120 3660 158 3719 (1)
176 3657 247 3706 Josn.
260 3672 301 3706 xx.
312 3659 353 3704 2⁸.
387 3656 447 3706 Non
458 3665 531 3719 negat
543 3658 717 3721 Wolzogenius
737 3657 864 3706 Christum
882 3657 964 3706 Deum
975 3664 1088 3721 expresse
1105 3658 1223 3722 appellari
1239 3657 1284 3708 hoc

86 3741 147 3795 loco.
157 3747 181 3788 et
188 3740 258 3787 Joan.
270 3740 284 3786 i.
300 3742 320 3787 l.
339 3740 408 3790 Rom.
421 3741 454 3790 ix.
467 3744 490 3790 5.
526 3742 589 3791 Vide
601 3743 771 3807 compendium
785 3742 837 3791 Rol.
845 3743 893 3791 chr.
905 3758 930 3791 u.
945 3745 985 3791 28.

121 3830 159 3887 (2)
177 3825 240 3874 Jonn
261 3842 282 3874 v,
294 3828 335 3874 20.

120 3914 159 3974 (3)
178 3911 247 3960 Rom.
260 3912 292 3960 ix.
305 3915 328 3960 5.

122 4000 160 4058 (4)
179 3997 243 4060 Eph.
256 3999 286 4045 iv.
300 4001 323 4044 6.

120 4085 157 4143 (5)
177 4081 353 4141 Wolzogcnius
365 4083 444 4130 locum
457 4082 526 4130 illum
537 4082 567 4129 ‹le
576 4081 674 4130 Christo
686 4084 806 4146 explicat:
819 4091 832 4114 ‘⁴
841 4074 915 4133 Tunc
926 4085 1071 4133 constitutus
1083 4092 1120 4132 cst
1130 4085 1203 4135 Dens
1213 4100 1288 4152 super

87 4166 180 4220 omniu,
192 4181 248 4213 cum
254 4181 332 4227 super
344 4166 425 4212 omniu
437 4166 570 4228 imperandi
582 4166 689 4214 divinam
703 4176 844 4230 potestatem
856 4185 887 4217 ex
900 4170 1007 4230 gratiuot
1017 4169 1082 4218 dono
1090 4167 1138 4218 Dei
1151 4169 1215 4220 Phil.
1228 4174 1252 4220 2.
1263 4172 1287 4222 9.

87 4256 232 4298 consecutus
244 4247 303 4297 est.”
339 4249 414 4312 Praep.
425 4249 455 4297 sd
467 4250 520 4298 lect
533 4250 572 4299 lib.
582 4250 615 4300 N.
628 4250 658 4298 Τ.
670 4266 690 4299 5.
703 4252 752 4301 xiv.

123 4337 161 4393 (6)
178 4332 228 4384 Tit.
240 4335 264 4383 ii.
280 4337 317 4383 1³.

123 4421 160 4475 (7)
178 4418 288 4470 Glossius
306 4420 332 4469 in
352 4415 493 4484 Ptilologu
515 4435 594 4479 sucro,
614 4421 797 4471 animadvertit:
822 4429 837 4452 “
848 4423 1003 4486 Quandoque
1016 4422 1132 4471 articulus
1152 4424 1287 4488 emphatice

88 4499 171 4566 primm
181 4504 235 4553 voci
246 4506 349 4566 aduitus,
362 4504 454 4569 reliqua
464 4504 547 4554 omnia
558 4506 664 4570 epitheta
676 4508 769 4573 adjecto
781 4508 890 4569 includit,
901 4509 966 4558 etde
978 4510 1062 4558 eodem
1074 4512 1184 4575 subjecto
1200 4526 1288 4561 sermo·
