2730 5018
76 211 168 297 ‘ns
220 228 228 241 ·
296 191 300 198 ’
393 233 450 295 nn
471 233 625 296 rursus
645 235 691 295 nr
713 233 799 295 nno
820 234 1037 299 personne

110 391 265 468 religionis,
280 391 315 448 ab
328 410 363 449 eo
377 390 558 450 institutte.”¹
599 391 722 450 Colendi
736 392 821 468 igitur
834 404 902 451 sunt
916 394 1011 462 Pater,
1025 405 1054 452 et
1073 392 1177 460 Filius,
1193 399 1225 449 et
1239 389 1308 466 Spi-

108 488 178 546 ritus
192 487 324 553 Sanetus,
339 497 368 544 et
381 499 508 545 auctores
522 485 590 544 fidei
604 497 706 546 nostre
721 488 904 564 agnoscendi,
919 490 950 546 in
964 490 1069 547 unitate
1083 488 1182 561 utique
1200 485 1310 545 dirinae

109 596 231 652 naturam
246 603 310 657 quae
333 596 361 642 et
384 603 453 642 voce
468 584 614 660 singulari,
635 594 664 640 et
686 585 834 643 nominum
859 587 1071 660 conjnuetioue,
1091 595 1123 643 et
1147 585 1213 661 ipsa
1237 583 1310 640 ritus

109 680 297 747 solemnitate,
311 681 380 738 satis
396 679 543 737 indicatur.
578 679 696 754 Optime
710 680 796 755 igitur
811 679 938 738 lsrlarins
950 680 1012 757 jam
1025 678 1176 738 laudatus:
1199 687 1221 715 ‘⁴
1231 677 1310 753 Bap-

109 778 232 836 tizantur
245 787 339 835 autem
361 777 390 833 in
410 777 527 834 nomine
552 776 656 842 Patris,
670 785 699 832 et
718 776 796 842 Filii,
811 784 841 835 et
860 776 984 852 Spiritus
1005 778 1162 843 Sancti-ut
1183 780 1320 840 onom-

109 889 164 930 ner
188 891 250 930 una
274 872 446 940 Drvrmaas,
469 873 507 930 sit
531 890 589 929 una
612 870 733 946 largitio,
748 887 917 934 notrannus
941 871 1125 929 anrrrasrrs
1149 886 1231 928 unus
1255 882 1317 927 m·

97 940 242 1025 ‘ruofi'
1325 1032 1330 1038 ,

146 1070 197 1124 96.
219 1062 300 1121 ldem
316 1062 448 1139 probatur
461 1061 565 1120 celebri
579 1061 629 1119 illo
649 1060 770 1119 ,loannis
791 1061 967 1128 testimonio,
982 1059 1058 1133 quod
1079 1057 1277 1121 authenticum
1293 1077 1311 1113 a

109 1159 297 1224 Tertulliano,
313 1142 472 1232 Cypriane,
486 1165 515 1213 et
535 1156 740 1231 posterioribus
755 1156 940 1230 scriptoribus
955 1156 1082 1231 agnitum
1098 1153 1308 1213 ostendemus:

110 1256 217 1313 “Tres
240 1263 307 1311 sunt
320 1253 370 1325 qni
394 1253 587 1310 testimonium
609 1251 729 1309 dantia
753 1252 834 1317 eaelo,
849 1252 944 1318 Pater,
971 1252 1110 1319 Verbum,
1125 1262 1154 1308 et
1180 1249 1313 1325 Spiritus·

109 1353 247 1413 Sanetue:
270 1360 298 1406 et
313 1348 343 1404 hi
357 1357 413 1405 tres
428 1366 516 1405 unum
539 1346 650 1404 sunt.”⁸
691 1347 883 1405 Personamm
905 1346 1050 1405 distinctio
1077 1345 1230 1404 manifesti
1252 1354 1310 1402 sta·

108 1449 211 1516 tuitur;
232 1455 288 1502 tres
303 1444 411 1520 quippe
426 1453 511 1501 testes
526 1443 677 1502 dicuntur:
694 1444 773 1516 qnod
785 1462 823 1502 ex
837 1445 1049 1520 comparatione
1063 1461 1129 1501 eum
1143 1461 1229 1515 aqua,
1242 1460 1310 1498 san·

110 1547 206 1622 guine,
221 1552 250 1600 et
264 1541 371 1616 Spiritu
390 1539 481 1615 magis
496 1540 651 1596 elucescit:
667 1541 760 1603 unitas
775 1538 842 1598 verb
857 1549 962 1597 naturae
978 1541 1062 1597 etiam
1074 1539 1209 1597 traditur:
1242 1544 1310 1592 orae

49 1690 54 1704 .
77 1675 81 1681 ·
108 1644 208 1710 ὑιτρῖις
218 1646 242 1695 ἓν
253 1644 307 1692 εἱσι.
347 1633 472 1701 Quodsi
494 1634 548 1690 hae
564 1653 601 1690 ex
623 1645 701 1709 parte
716 1634 829 1692 deficiat
850 1635 1033 1711 comparatio,
1049 1636 1153 1692 mirum
1168 1652 1228 1693 non
1243 1642 1306 1699 est;

107 1751 160 1791 neo
170 1734 251 1792 enim
266 1733 296 1790 in
311 1751 402 1789 rerurn
418 1742 516 1789 natura
529 1730 683 1788 divinitatis
698 1731 795 1788 haberi
811 1741 903 1807 potest
917 1733 1013 1808 imago
1025 1731 1161 1808 perfecta.
1184 1729 1303 1806 Optime

108 1838 201 1885 tamen
216 1844 252 1884 ex
267 1826 429 1883 testimonio
450 1825 558 1883 celitus
575 1824 692 1883 Christo
706 1825 801 1884 datoa
823 1827 917 1894 Patre,
932 1825 1039 1884 Filium
1061 1844 1144 1883 snum
1168 1824 1304 1883 dilectum

107 1923 288 2001 praerlioante;
304 1942 320 1979 a
334 1920 441 1988 Verbo,
457 1920 517 1993 qni,
532 1920 682 1996 promissis
697 1931 786 1988 stans,
801 1912 898 1978 emisit
910 1920 976 1978 inde
991 1921 1130 1997 Spiritum
1145 1919 1284 1978 Sanctum
1295 1939 1313 1988 ;.

107 2032 134 2076 et
149 2039 165 2076 a
180 2019 287 2094 Spiritu
303 2017 419 2084 Sancto,
435 2025 476 2073 tot
489 2016 534 2072 sui
548 2015 652 2073 indicia
668 2017 820 2091 prebente,
836 2016 886 2088 qui
902 2026 959 2074 tres
974 2025 1060 2073 testes
1074 2016 1160 2073 unius
1175 2025 1244 2073 sunt
1258 2034 1306 2073 na·

107 2125 186 2180 turae,
202 2113 301 2170 transit
322 2111 478 2187 Apostolus
500 2109 546 2168 ad·
558 2110 840 2169 commemorandum
867 2112 1060 2169 testimonium
1081 2111 1159 2184 quod
1180 2111 1209 2169 iu
1232 2123 1306 2169 terra

107 2211 255 2285 praebetur,
271 2209 404 2282 quodque
418 2226 505 2264 unurn
521 2217 574 2281 est,
587 2207 653 2264 licet
667 2216 754 2264 testes
769 2207 887 2265 diversae
901 2209 960 2266 sint
980 2219 1096 2266 naturae.
1137 2206 1303 2266 Discrimen

107 2316 198 2363 antem
227 2306 255 2363 in
285 2317 398 2381 recepto
427 2304 530 2361 Graeco
554 2314 633 2360 textu
661 2303 828 2366 indicatur:v
852 2308 971 2366 ἔιςτὸὲν.
1022 2303 1056 2362 Iu
1084 2303 1208 2376 antiquis
1237 2320 1310 2362 nou·

106 2399 191 2458 nullis
206 2398 350 2458 codicibus
365 2397 481 2456 deerant
494 2397 612 2456 omnino
623 2414 708 2454 voees
719 2397 753 2454 de
766 2398 849 2457 trium
862 2398 978 2455 testium
989 2408 1164 2456 terrenorum
1186 2397 1316 2461 unitate..

107 2495 364 2554 Accedunt'omnia
377 2513 440 2568 qure
456 2493 628 2551 adduximus
643 2495 795 2572 Soriptnrae
811 2495 973 2553 testimonia
987 2514 1025 2553 ex
1038 2495 1142 2568 quibus
1153 2494 1306 2553 Christum

107 2592 212 2651 Filium
237 2591 304 2659 Dei,
330 2589 406 2648 Patri
431 2589 710 2658 consubstantialem,
735 2599 764 2647 et
788 2590 926 2666 Spiritum
954 2591 1090 2649 Sanctum
1118 2590 1214 2648 Deum
1241 2607 1309 2647 esse

107 2696 226 2746 constat.
643 2678 647 2683 ’
826 2698 829 2702 ⁴

147 2783 298 2841 Probatur
318 2780 359 2838 II.
370 2779 436 2838 'En
447 2777 607 2838 traditione
620 2798 711 2857 quam
725 2780 832 2839 Patren
847 2787 1002 2839 testantur.
1103 2839 1106 2847 ,

146 2884 196 2938 97.
220 2879 424 2942 Ponrcnnrus,
441 2876 774 2950 martyriumsubitnrus
789 2877 878 2940 dixit:
913 2877 989 2933 “Te
1010 2876 1140 2952 glorifico
1156 2893 1209 2952 per
1232 2917 1239 2932 .
1265 2916 1272 2932 .
1299 2918 1306 2932 .

108 3018 115 3034 .
140 3018 147 3033 .
169 2975 304 3031 dilectum
318 2972 424 3029 Filium
440 2984 528 3037 tuum,
545 2989 594 3045 per
608 2989 694 3042 quem
706 2973 766 3039 tibi,
780 2991 835 3028 una
847 2991 910 3029 oum
924 2973 1012 3048 ipso,⁴
1022 2974 1050 3029 in
1060 2973 1168 3048 Spiritu
1184 2972 1314 3037 Sancto,

106 3071 195 3147 gloria
210 3088 284 3125 nunc
298 3066 369 3124 etin
384 3065 488 3123 saeoula
508 3066 688 3134 saeculorum,
704 3066 830 3124 Amen.'’
873 3068 978 3141 Liquet
997 3068 1103 3126 Filium
1118 3080 1146 3124 et
1160 3067 1303 3143 Spiritum

106 3167 252 3228 Sanctum,
268 3181 304 3220 ex
319 3161 452 3236 martyria
466 3161 615 3229 sententia,
631 3180 696 3218 curn
717 3162 800 3218 Patre
822 3162 1038 3238 glorificandum
1054 3181 1119 3220 esse
1140 3163 1172 3220 in
1186 3180 1305 3222 aevum:

104 3269 172 3319 sunt
196 3260 280 3334 igitur
303 3257 379 3314 idem
394 3255 492 3322 Deue3
519 3257 680 3316 necarint.
693 3256 783 3332 gloria
803 3259 929 3332 illaquae
953 3260 1017 3316 Deo
1038 3260 1180 3326 tribuitur,
1200 3271 1307 3335 posset

105 3355 237 3422 creaturis
251 3371 315 3411 esse
329 3350 500 3408 eommunis.
542 3351 735 3426 Smyrnenses
750 3354 799 3424 qui
821 3355 987 3429 martyrium
1010 3354 1166 3430 Polycarpi
1186 3353 1221 3410 ad
1245 3354 1307 3411 Eo·

104 3452 254 3511 elesiarum
283 3447 411 3506 notitiam
435 3445 568 3502 devenire
595 3457 737 3513 curarunt,
766 3448 900 3506 claudunt
928 3450 1078 3524 epistolam
1109 3449 1208 3507 eadem
1240 3449 1301 3506 sere

103 3545 243 3618 δόξολογίαε
266 3555 359 3602 “eum
374 3562 431 3616 quo
447 3541 599 3620 (Christo)
615 3543 705 3619 gloria
716 3555 744 3602 et
755 3546 846 3603 honos
861 3546 925 3603 Deo
941 3547 1018 3604 Patri
1039 3557 1068 3603 et
1082 3547 1187 3605 Sancto
1211 3546 1305 3622 Spiri-

105 3646 178 3707 tui.’'
219 3643 272 3714 μεθ’
284 3646 297 3698 i
310 3641 368 3704 δόξα
379 3643 414 3708 τῷ
425 3643 472 3707 θεῷ
483 3643 525 3697 καί
538 3642 622 3709 narni,
634 3643 676 3705 aaa*
688 3640 748 3712 ἁγίῳ
759 3661 888 3712 aaronem·
924 3644 1033 3701 Similis
1049 3645 1170 3702 formula
1184 3664 1199 3701 a
1214 3645 1316 3703 comi-.-

104 3744 178 3801 tibus
194 3742 225 3798 S.
241 3737 345 3815 Ignatii
367 3735 492 3792 adhibita
506 3745 558 3801 est,
574 3745 631 3791 eta
654 3737 815 3812 primordiis
832 3739 981 3802 'Ecclesiae
1006 3741 1131 3816 viguisse
1155 3741 1295 3805 noscitur,

103 3855 168 3901 aum
183 3836 314 3893 varietate
329 3830 466 3908 mysterio
481 3829 879 3892 admodumaocommodata:
903 3836 1035 3893 “Gloria
1057 3837 1146 3904 Patri,
1162 3848 1190 3894 et
1211 3837 1299 3903 Filio,

104 3945 133 3996 at
145 3933 265 4009 Spiritui
281 3927 417 3996 Sanet0,”
441 3926 576 3985 “Gloria
592 3928 735 4006 Patri'per
755 3931 859 3990 Filium
876 3933 905 3990 in
922 3933 1182 4010 Spiritu‚Sanoto‚”
1205 3933 1250 3990 rel
1271 3934 1313 3995 in,

104 4032 210 4093 unitate
225 4028 349 4104 Spiritus
365 4022 494 4081 Sancti.”

364 4255 400 4312 (1)
418 4250 448 4299 In
460 4250 552 4301 locum,

363 4339 400 4395 (2)
419 4333 552 4383 Comment
562 4334 589 4383 in
601 4333 697 4398 Manu,
707 4354 760 4394 ean.
773 4343 820 4402 3³,
832 4348 856 4392 et
867 4343 932 4393 ealce
943 4343 1004 4392 libri.

295 4415 302 4438 ⁸
365 4422 401 4481 (3)
420 4418 439 4468 I.
456 4418 528 4466 Joan.
540 4434 563 4468 v.
577 4422 600 4466 7.

365 4505 402 4575 (fl)
420 4503 489 4554 Alias
500 4519 617 4564 emetiar.
