2744 5024
90 282 152 343 Μ
436 274 494 337 ΒΕ
515 276 688 337 GRATIAE
710 264 946 338 truncavit,

89 435 168 510 quod
180 434 306 503 donarit,
321 434 477 493 arbitrium.
519 435 589 493 Nou
603 443 648 493 est
661 433 780 507 quidem
794 434 826 492 in
844 433 973 493 hominis
993 442 1138 512 potestate
1151 434 1209 494 Dei
1229 453 1293 494 con·

89 530 156 588 silis
173 530 310 597 frustrari,
323 538 356 587 ut
376 529 480 587 frustra
493 530 671 596 misereatur,
687 546 740 586 nec
764 528 843 586 euim
866 538 975 588 temere
1002 529 1085 588 Deus
1105 548 1159 587 sua
1182 530 1295 607 largitur

90 624 175 692 dous,
189 624 240 683 ssd
255 626 396 703 sapientia
409 643 463 683 sua
482 626 665 702 praelucente,
680 634 711 683 ut
732 625 822 683 tinem
843 629 930 699 quem
950 627 1007 685 sibi
1031 626 1195 703 praestituit,
1210 626 1294 685 illesa

90 719 243 778 voluntatis
257 722 395 789 libertate,
410 730 588 794 assequatur.
629 722 676 778 De
690 720 834 778 voluntate
847 719 1087 781 indeclinabiliter
1099 733 1131 780 et
1149 722 1291 801 inreperc-

3 826 7 831 '
48 856 62 877 .
77 810 199 881 witer,
215 815 269 892 (sic
280 816 359 874 enim
372 813 540 894 legendum)
554 825 626 883 acta,
642 814 823 892 Augustinus
837 815 973 888 loqrritur,
987 829 1017 875 et
1029 802 1094 875 eam
1110 836 1290 894 perseveran-

89 908 136 966 tie
161 909 238 969 douo
262 912 432 979 roboratam,
450 911 547 970 omnia
570 928 705 987 superare
728 928 815 986 posse
837 910 938 969 salutis
962 912 1170 988 impedimenta
1194 913 1290 995 docet:

89 1024 149 1067 non
168 1011 247 1069 enim
268 1028 305 1069 eo
317 1011 375 1069 loci
389 1010 425 1069 de
446 1010 574 1084 quolibet
596 1010 692 1085 gratie
714 1008 833 1076 auxilie,
847 1008 933 1066 etiam
954 1008 1077 1075 efficaci,
1096 1020 1145 1067 est
1163 1010 1291 1083 questio.

70 1156 73 1161 .
91 1100 237 1163 Oetemm
250 1106 315 1182 ipse
333 1106 464 1165 voluntas
485 1104 627 1162 declinare
652 1113 757 1184 potest,
772 1111 801 1160 et
820 1120 886 1161 sese
899 1121 1030 1180 caparam
1052 1122 1071 1160 a
1090 1105 1195 1181 gratia,
1209 1107 1289 1165 etiam

90 1200 157 1275 ipso
170 1210 299 1277 tempure
313 1220 371 1273 quo
385 1201 423 1258 ita
435 1201 544 1277 agitur3
567 1217 623 1257 nou
639 1199 755 1271 quidem
769 1208 802 1257 ut
814 1210 974 1273 ¹utrumque
987 1199 1076 1258 simul
1088 1201 1139 1269 sit,
1155 1200 1208 1259 sed
1229 1204 1288 1275 ιιιὶι

89 1312 157 1352 vera
169 1292 326 1352 reluctandi
347 1304 474 1369 potestas
487 1312 552 1351 cum
568 1293 671 1351 actuali
691 1311 835 1351 consensu
856 1294 1052 1371 conjungitur·
1094 1294 1218 1371 Optime
1237 1296 1289 1357 sui·

89 1387 241 1447 madvertit
253 1398 368 1446 sanctus
381 1387 498 1447 doctor:
521 1398 542 1426 ‘⁸
551 1388 610 1446 leta
624 1388 756 1460 quaestio,
771 1390 821 1446 ubi
839 1388 875 1446 de
889 1390 1005 1448 arbitrio
1020 1391 1177 1448 voluntatis
1191 1401 1221 1449 et
1240 1390 1287 1450 llei

89 1486 178 1563 gratia
192 1483 384 1561 disputatus·
377 1498 414 1543 ιιι
427 1497 472 1543 est
491 1484 529 1544 ad
549 1484 769 1544 discernendum
792 1484 928 1553 difficilis,
942 1496 975 1545 ut
995 1486 1112 1561 quaudo
1133 1486 1287 1546 defenditur

87 1580 210 1639 liberum
222 1580 380 1647 arbitrium,
395 1598 492 1657 negerr
484 1580 562 1638 Dei
576 1581 665 1657 gratia
679 1580 824 1650 videntur,
847 1580 964 1685 quando
974 1580 1069 1641 autem
1084 1584 1225 1642 asseritur
1238 1582 1286 1641 Dei

89 1676 188 1753 gratia,
203 1675 324 1733 liberum
338 1675 484 1733 arbitrium
501 1685 613 1751 putetur
626 1675 752 1733 auferri!
754 1674 778 1711 ’¹

133 1774 200 1828 tao.
227 1752 293 1847 obj.
308 1775 339 1829 7.
361 1770 521 1847 Pelagiani,
548 1770 667 1847 gratiam
689 1788 747 1842 (ιιι
759 1778 889 1846 ageretur
909 1770 1072 1837 necessarii
1093 1772 1227 1831 veluntas
1245 1790 1286 1832 ns·

89 1873 200 1942 gautes,
215 1864 341 1922 damnati
355 1875 442 1923 sunt.
459 1882 515 1937 (ιιι
525 1864 562 1922 de
573 1864 751 1922 causaetiam
762 1864 987 1942 Semipelagiani
996 1866 1124 1926 heretici
1134 1866 1285 1935 audierunt,

88 1960 158 2019 licet
170 1962 326 2019 faterentur
340 1962 460 2037 gratiam
473 1961 581 2033 requiri
595 1961 680 2018 etiam
696 1959 731 2017 ad
746 1960 835 2017 iirlei'
829 1961 952 2019 mitium.

131 2059 198 2113 leo.
219 2054 309 2132 Reap.
331 2055 377 2113 De
391 2055 510 2131 Pelagio
524 2054 607 2113 refert
622 2055 847 2132 Augustinus:⁴
850 2056 967 2114 ‘Solam
989 2058 1211 2132 possibilitatem
1226 2059 1286 2118 (licit

89 2150 187 2210 divino
202 2151 327 2228 adjurari
341 2169 456 2226 semper
469 2151 595 2219 auxilio;
618 2148 790 2209 voluntatem
813 2160 906 2210 autem
921 2164 951 2210 et
970 2154 1112 2212 actionem
1136 2157 1217 2214 nullo
1238 2156 1286 2214 Ilei

89 2245 229 2322 adjutorio
243 2246 388 2303 existimat
400 2244 563 2321 indigerc.’'
565 2250 578 2280 ¹
618 2246 645 2303 N
650 2264 687 2303 on
703 2245 767 2303 iden
778 2245 928 2304 damnatus
941 2248 1070 2320 estquod
1085 2250 1220 2325 rejiceret
1232 2270 1285 2326 gn·

69 2339 156 2419 ‘tiam
171 2344 227 2410 (ιιι
240 2338 371 2397 voluntas
395 2340 556 2398 necessarii
578 2329 717 2416 ageretur,
732 2341 784 2398 sed
807 2360 863 2414 qua
875 2343 1056 2410 excitaretur,
1071 2353 1101 2401 et
1123 2347 1284 2403 muniretur.

88 2434 135 2492 Ab
148 2433 229 2491 initio
244 2450 330 2491 omne
344 2434 484 2492 auxilium
504 2435 716 2510 supernaturale
731 2436 811 2494 visus
824 2448 870 2493 est
888 2437 1042 2513 rejecisse;
1065 2438 1117 2495 sed
1132 2448 1165 2496 u't
1179 2439 1285 2498 damna·

89 2527 195 2585 tionem
220 2528 367 2604 effugeret,
391 2529 620 2605 possibilitatem,
636 2529 754 2597 scilicet,
776 2540 884 2588 nature
905 2533 989 2598 vires,
1004 2550 1056 2590 eeu
1077 2532 1201 2591 liberum
1224 2535 1285 2591 arbi·

89 2623 173 2681 trium
188 2622 285 2680 divino
300 2623 425 2700 adjuvari
440 2625 547 2682 auxilio
570 2624 672 2681 deinde
696 2625 788 2681 fassus
803 2636 864 2682 est:
886 2625 963 2697 quod
985 2635 1081 2684 tamen
1108 2628 1145 2685 de
1167 2611 1292 2687 euternis¹

89 2718 214 2784 auxiliis,
229 2719 292 2794 lege
307 2718 425 2786 scilicet,
442 2717 552 2775 Christi
567 2719 712 2793 exemplo,
727 2728 756 2776 ct
776 2719 839 2774 aliis
861 2718 998 2776 subsidiis
1021 2720 1192 2794 hujusmodi
1214 2722 1286 2779 intel·

89 2813 179 2871 lexit:
200 2798 222 2849 ’“
234 2814 309 2870 Nam
325 2814 443 2889 gratiam
463 2813 518 2870 Dei
533 2824 562 2870 et
576 2815 757 2889 adjutorium,
774 2832 830 2885 quo
852 2813 1018 2888 adjuvamur
1033 2815 1068 2871 ad
1091 2835 1152 2874 non
1175 2835 1285 2892 peccari·

89 2907 168 2975 dum,
183 2919 231 2965 aut
244 2909 272 2964 in
288 2918 395 2975 natura,
411 2920 440 2966 et
460 2909 550 2966 libero
573 2911 653 2983 ponit
674 2908 798 2976 arbitrio,
814 2918 862 2963 aut
882 2908 911 2965 in
933 2909 1096 2984 legeratque
1118 2911 1286 2970 doctrinam

89 3001 256 3059 Interiorem
271 3004 387 3077 gratiam
402 3021 459 3074 qua
474 3015 634 3059 moveretur
645 3003 774 3069 voluntas
790 3002 913 3077 negavit,
924 3015 1097 3079 quapropter
1111 3006 1286 3082 Augustinus

89 3094 179 3152 dixit:
209 3097 274 3151 “Si
289 3114 358 3170 ergo
372 3098 549 3153 consenserit
569 3096 662 3159 nobis,
686 3114 743 3152 non
767 3097 857 3152 solam
880 3097 1096 3171 possibilitatem
1112 3101 1144 3157 iu
1162 3101 1286 3167 homine,

89 3193 172 3249 etism
188 3192 213 3248 si
228 3210 280 3248 nec
295 3193 372 3258 velit,
385 3210 437 3248 nec
449 3194 604 3266 agatbene,
616 3191 666 3248 sed
679 3193 770 3266 ipsam
785 3212 900 3265 quoque
913 3194 1085 3252 voluntatem
1098 3207 1127 3253 et
1136 3200 1286 3264 actionem,

89 3286 179 3351 idest,
190 3296 221 3342 ut
230 3287 302 3342 bene
315 3286 446 3351 uelimus,
457 3297 485 3342 ct
493 3287 565 3342 bene
577 3305 704 3362 agamus,
712 3306 775 3358 (ιιι
786 3307 844 3345 non
853 3301 920 3346 sunt
929 3289 958 3347 in
970 3291 1098 3358 homine,
1108 3294 1167 3350 nisi
1178 3295 1288 3367 quando

6 3433 10 3439 .
87 3382 160 3438 bene
175 3381 234 3436 vult
247 3389 276 3436 et
288 3380 361 3436 bene
375 3381 450 3456 agit:
473 3381 508 3447 si,
524 3391 555 3438 ut
575 3380 645 3447 dixi,
661 3384 847 3449 consenserit,
864 3385 947 3442 etiam
964 3386 1054 3460 ipsam
1071 3387 1249 3449 voluntatem
1265 3399 1291 3449 et

88 3477 230 3534 actionem
241 3475 377 3533 divinitus
392 3476 528 3553 adjuvari,
544 3488 573 3534 et
585 3478 626 3534 sic
644 3477 781 3553 adjuvari,
794 3489 825 3535 ut
838 3480 901 3537 eine
914 3481 963 3538 illu
977 3481 1117 3557 adjutorio
1130 3485 1204 3544 nihil
1220 3489 1291 3545 bene

87 3571 209 3630 velimus
220 3582 384 3648 etagamus,
393 3591 513 3645 eamque
523 3591 586 3630 esee
596 3574 712 3649 gratiam
726 3573 782 3630 Dei
795 3593 845 3649 per
855 3563 956 3633 lesum
967 3575 1114 3635 Christum
1129 3578 1291 3641 Dominum

86 3678 226 3733 nostrum,
242 3668 270 3724 in
286 3687 343 3740 qua
356 3687 408 3725 nos
431 3686 493 3736 sua,
515 3688 571 3726 non
597 3680 703 3735 nostra,
721 3668 832 3742 justitia
848 3670 943 3745 justos
966 3671 1042 3740 lacit,
1063 3683 1094 3729 ut
1108 3693 1144 3730 ea
1165 3679 1204 3733 sit
1226 3699 1297 3737 vere

79 3774 183 3830 ¹nostra
199 3763 310 3839 justitia
324 3783 387 3837 quse
399 3765 482 3822 nobis
495 3764 590 3822 abillo
604 3774 665 3832 eet;
682 3764 752 3821 nihil
762 3763 797 3822 'de
808 3765 949 3841 adjutorio
960 3771 1055 3844 gratioe
1069 3769 1137 3835 Dei,
1151 3785 1292 3845 quantum

87 3856 215 3925 arbitror,
241 3858 312 3915 inter
336 3877 389 3916 nus
415 3860 614 3916 controversie
640 3858 865 3932 ιιΙὶιι(ιιιιιι.”4
904 3861 1127 3940 semipelagiani
1155 3871 1299 3942 putabant

87 3953 233 4013 hominem
250 3954 374 4047 primum
388 3963 497 4013 motum
512 3954 546 4012 ad
558 3954 644 4012 fidem
659 3972 696 4011 ex
712 3973 744 4011 se
759 3955 873 4025 habere,
888 3956 1027 4017 docebant
1041 3961 1131 4029 enim,
1149 3966 1190 4022 uti
1206 3967 1300 4024 refert

385 4149 422 4207 (1)
440 4145 471 4195 ι.
482 4146 513 4195 ne
524 4155 584 4208 grat.
597 4147 690 4197 cerne
701 4163 722 4197 ο.
734 4148 804 4198 ιιι.

382 4233 420 4291 (ι)
438 4229 497 4278 ran.
519 4232 594 4280 exn.
650 4230 652 4234 ’

382 4315 419 4371 (ι)
438 4312 530 4363 mae
542 4314 579 4364 ιιι.

303 4389 306 4394 ·
383 4398 420 4457 (ι)
440 4395 612 4450 innexuit.
