2744 5024
384 279 443 342 DE
465 278 688 343 Pracuusul
709 278 953 341 uncmrlcm.
1213 293 1272 350 sto

67 437 292 514 promissionem
301 438 434 498 Patribus
443 440 546 498 factam
558 447 625 497 mue
638 439 785 515 impletam
795 437 912 498 dicens:
929 439 1087 512 “quoniam
1100 440 1174 501 hanc
1188 442 1268 504 Deus

69 532 238 610 adimplevit
252 534 319 593 filiis
333 537 449 604 nostris,
470 535 643 594 resuscitans
667 535 780 601 desum,
802 534 876 591 sicut
896 544 924 592 et
949 535 977 593 in
1001 535 1119 595 Psalmo
1139 540 1268 601 secundo

70 629 205 706 scriptum
220 639 282 688 este
304 630 396 690 Filius
412 649 540 690 meuses
555 639 595 698 tu.
607 649 661 706 ego
676 629 762 689 hodie
776 629 862 706 genui
876 628 952 686 11.”1

111 728 176 783 162.
198 724 288 805 Hesp.
309 726 465 803 Apostolus
480 734 666 802 contempus
682 723 812 801 adsignat
835 741 893 797 quo
915 722 1049 784 Christus
1070 728 1203 788 sacerdos
1218 729 1265 789 de·

71 819 195 896 signatus
209 829 263 889 est,
278 820 329 878 sed
342 818 605 898 Patrempraedicat
617 818 767 878 sacerdotii
788 828 942 888 auctorem,
960 820 1037 894 quod
1051 824 1152 898 probat
1171 843 1208 883 ex
1229 845 1265 885 eo

73 914 145 988 quod
158 916 250 974 Filius
265 917 376 994 agnitus
390 918 438 986 sit,
453 919 629 994 subjungens
652 915 727 974 aliud
751 914 855 973 Psaltis
871 914 906 973 de
929 916 993 992 ipso
1014 917 1173 979 sacerdotio
1187 923 1264 980 testi·

75 1011 206 1068 monium.
229 1012 259 1070 N
261 1031 294 1070 ec
309 1011 343 1070 ad
359 1014 594 1071 resurrectionem
609 1017 643 1070 11
657 1013 742 1070 verba
756 1011 795 1069 ita
809 1020 876 1069 sunt
888 1010 1036 1071 referenda
1049 1022 1080 1071 ut
1094 1023 1159 1073 tunc
1171 1015 1262 1075 Filius

77 1124 133 1164 esse
144 1109 273 1184 coeperit,
288 1128 353 1169 nam
368 1111 398 1168 in
411 1112 555 1187 baptismo
569 1121 598 1168 et
612 1109 856 1186 transfiguratione
878 1109 969 1168 Filius
984 1111 1096 1187 agnitus
1116 1119 1170 1180 est,
1185 1122 1213 1171 et
1226 1115 1262 1171 ab

78 1204 177 1281 Angelo
191 1206 229 1265 ita
243 1209 278 1266 ab
292 1209 355 1285 ipsa
369 1209 513 1267 nativitate
528 1207 712 1286 designatus:
734 1207 784 1266 se'd
799 1208 938 1270 eximium
952 1219 1150 1288 argumentum
1164 1211 1261 1274 datum

79 1310 116 1358 est
127 1321 187 1360 eum
203 1304 310 1362 Filium
326 1305 382 1363 Dei
397 1324 461 1363 vere
476 1324 551 1373 esse,
568 1307 631 1382 ipso
646 1326 662 1363 a
676 1306 795 1363 mortuis
809 1315 983 1384 resurgente.
1046 1352 1051 1361 .

115 1401 175 1456 163.
200 1398 267 1478 01].
283 1406 312 1458 4.
336 1402 469 1460 “Omnis
484 1402 560 1460 enim
576 1402 705 1479 pontifex
719 1401 754 1460 ad
768 1401 946 1461 offerendum
960 1421 1088 1473 munera,
1103 1414 1132 1463 et
1151 1406 1259 1467 hostias

81 1496 261 1553 constituitur:
283 1496 359 1555 unde
382 1517 501 1556 necesse
521 1507 575 1564 est,
590 1509 619 1555 et
641 1498 718 1554 hunc
741 1497 845 1555 habere
867 1497 983 1570 aliquid,
999 1499 1076 1572 quod
1096 1501 1211 1560 offerat:
1234 1503 1261 1561 11

81 1604 222 1666 ergoesset
235 1603 447 1669 superterram,
463 1613 516 1651 nec
531 1603 607 1651 esset
627 1592 781 1652 sacerdos:
803 1611 869 1652 cum
884 1602 982 1652 essent
995 1595 1046 1669 qui
1065 1596 1201 1657 offerrent
1214 1616 1259 1656 11-

81 1685 187 1745 cundum
200 1688 295 1765 legem
309 1709 437 1758 munera,
453 1690 503 1763 qui
516 1689 672 1766 exemplari
686 1699 715 1746 11
727 1690 833 1747 umbrae
848 1688 1012 1748 deserviunt
1025 1689 1228 1751 celestium.”¹

114 1785 172 1839 164.
193 1781 283 1860 Hesp.
305 1785 500 1843 Praestantiam
516 1784 665 1842 sacerdotii
681 1783 792 1841 Christi
806 1783 980 1841 demonstrat
993 1785 1160 1861 Apostolus,
1177 1795 1196 1822 ‘⁶
1209 1790 1259 1860 qui

82 1879 220 1938 nonhabet
233 1883 431 1940 necessitatem
446 1882 583 1957 quotidie,
599 1880 840 1956 quemadmodum
852 1879 1024 1948 sacerdotes,
1040 1882 1119 1957 prius
1131 1901 1183 1960 pro
1197 1887 1258 1944 suis

83 1971 173 2034 delictis
188 1976 297 2036 hostias
311 1979 424 2048 offerre,
440 1979 542 2038 deinde
567 1998 620 2056 pro
633 1979 751 2056 populi:
774 1976 830 2036 hoe
843 1977 921 2034 enim
934 1977 1002 2035 secit
1015 1978 1114 2047 semel,
1130 1982 1258 2058 seipsum

82 2070 254 2134 0111111110.”8
294 2075 491 2135 Sacerdotium
505 2077 590 2154 igitur
604 2076 777 2133 duronicum
786 2076 847 2151 jam
859 2073 998 2132 defecisse
1009 2073 1076 2133 inde
1089 2076 1259 2146 insomnem

82 2167 101 2223 si
112 2169 224 2229 victimae
239 2191 303 2246 quae
324 2173 407 2249 juxta
426 2173 519 2247 legem
535 2165 733 2240 offerebantur,
756 2171 848 2230 adhuc
869 2171 1003 2239 valerent,
1019 2170 1164 2250 Christus,
1184 2176 1259 2235 11111

83 2267 145 2323 terris
156 2267 280 2345 degeret,
295 2268 427 2328 sacerdos
449 2287 507 2327 uon
528 2269 609 2335 soret.
624 2288 679 2327 nec
692 2264 769 2328 enirn
784 2269 927 2328 umbratili
941 2268 1028 2329 simul
1041 2278 1070 2327 et
1083 2288 1151 2331 vero
1165 2290 1258 2332 sacer·

82 2357 141 2421 dotio
154 2384 227 2442 opus
240 2375 294 2424 est.
336 2365 383 2424 Ab
397 2365 525 2425 absurdo
540 2376 750 2443 argumentatur
764 2367 931 2443 Apostolus.

111 2463 170 2519 161.
196 2460 263 2540 01].
281 2467 310 2519 5.
333 2461 365 2520 ln
377 2463 437 2520 sola
447 2461 482 2519 ad
498 2462 637 2520 Hebraecs
648 2462 778 2540 epistola,
791 2463 961 2540 argutiarum
971 2461 1150 2539 judaicarum
1161 2468 1255 2544 plena,

81 2555 335 2621 sucerdotiichristi
349 2559 381 2615 fit
394 2557 524 2616 mentio.⁴

109 2655 168 2711 166.
188 2652 281 2731 'Re-sp.
296 2654 463 2713 Christiano
477 2654 587 2712 homini
602 2653 707 2712 sufficit
720 2663 752 2711 ut
761 2639 802 2710 'ex
816 2652 962 2728 scripturis
977 2652 1081 2711 divinis
1096 2637 1142 2713 vel
1156 2653 1259 2713 Ε1111ἒ

77 2746 114 2806 sia
128 2762 201 2809 certa
215 2763 243 2809 11
256 2753 377 2811 solemni
393 2751 541 2809 traditione
556 2752 724 2809 innotescat.
766 2749 910 2808 Ceterum
925 2749 1071 2809 Pselmum
1087 2750 1123 2809 de
1138 2751 1256 2812 Christo
1364 2773 1366 2778 ·

76 2841 276 2926 intelligendum
291 2850 382 2927 ipsius
397 2849 547 2906 auctoritas
563 2847 761 2920 demonstrat.⁵
889 2848 892 2852 ’

105 2947 168 3003 167.
195 2944 262 3023 01].
278 2949 306 3004 6.
328 2944 361 3003 Si
376 2944 510 3002 Christus
532 2943 678 3001 habendus
693 2944 730 3001 sit
744 2943 868 3010 victima,
889 2951 1008 3000 tortores
1024 2943 1073 3015 qui
1087 2961 1153 3004 enm
1167 2947 1256 3005 cruci·

73 3031 185 3098 firemnt
199 3040 360 3099 sacerdotes
373 3039 508 3099 censendi
523 3049 614 3098 erunt.

105 3139 168 3194 1118.
190 3134 281 3213 Hesp.
296 3136 384 3194 Nulla
396 3137 504 3194 ratione
518 3135 667 3194 sacerdotii
682 3135 846 3193 muneribus
860 3135 941 3212 fungi
955 3135 1044 3194 videri
1058 3146 1189 3214 possunt,
1204 3139 1256 3198 sed

63 3221 123 3300 ipse
138 3229 272 3296 Christus
294 3232 422 3309 seipsum
440 3231 540 3290 obtulit
562 3233 684 3290 hostiam
700 3233 775 3300 Deo,
789 3232 899 3290 oblatus
920 3239 964 3289 est
985 3233 1052 3306 quia
1070 3233 1133 3312 ipse
1155 3235 1253 3294 voluit.

61 3313 116 3386 Est
128 3327 245 3400 quidem
254 3327 407 3387 discrimen
417 3326 596 3386 manifestum
612 3329 683 3386 inter
694 3329 863 3387 sacrificium
878 3329 932 3387 hoc
942 3337 1012 3386 etea
1023 3347 1086 3403 quse
1095 3330 1255 3391 sacerdotes

61 3428 265 3481 remeaverant
284 3421 402 3481 offerre:
425 3440 510 3481 nemo
533 3424 610 3481 enim
635 3433 736 3498 prester
756 3423 905 3482 Christum
920 3423 1034 3485 victima
1055 3423 1206 3486 fuitsimul
1227 3436 1255 3485 et

61 3516 210 3576 Ι8111111011
232 3517 284 3575 sed
298 3519 327 3576 in
341 3535 376 3576 10
390 3519 477 3576 111111
487 3518 639 3577 oblationis
653 3518 739 3593 hujus
755 3516 925 3592 praestantia.

102 3615 167 3673 166.
193 3611 260 3692 obj.
275 3620 305 3674 7.
328 3613 471 3691 Martyres
483 3613 644 3672 sacerdotes
658 3613 720 3689 pari
733 3611 839 3670 ratione
851 3610 965 3668 dicendi
978 3620 1070 3669 erunt.

93 3712 173 3772 176.
194 3710 286 3788 Resp.
309 3711 439 3770 immane
454 3721 498 3770 111
511 3712 674 3778 discrimen,
688 3719 828 3786 martyres
848 3708 926 3766 enim
940 3709 999 3767 vim
1012 3709 1067 3767 sibi
1086 3707 1191 3770 illatam
1210 3712 1253 3772 in·

61 3797 133 3864 'icto
146 3806 286 3884 patientes
301 3807 398 3866 animo
412 3808 521 3865 virtutis
536 3807 651 3884 egregia
664 3805 800 3864 dederunt
810 3804 968 3882 specimina
980 3823 988 3872 ;
1003 3823 1057 3863 nec
1068 3814 1163 3865 tamen
1173 3809 1253 3868 victi·

61 3909 120 3961 tras
132 3922 175 3971 se,
189 3903 322 3962 strictiori
335 3921 433 3971 sensu,
448 3904 626 3962 obtuleruut:
648 3922 702 3961 nec
716 3902 792 3960 enim
807 3900 951 3959 constituti
965 3909 1032 3959 sunt
1045 3901 1205 3961 sacerdotes
1217 3905 1253 3962 ad

61 4007 93 4067 11
105 3990 291 4058 offerendum.
333 3998 467 4058 Christus
481 4009 577 4059 autem
599 3997 730 4059 sacerdos
752 4017 769 4058 1
783 3997 866 4056 Ρ1111
881 3997 994 4076 agnitus
1008 4005 1062 4067 est,
1076 4006 1108 4056 ut
1129 4016 1161 4058 se
1181 3998 1253 4083 0111·

61 4095 144 4161 uado
159 4097 270 4159 10111111
282 4105 399 4176 peccata
413 4095 522 4155 mundi.
1192 4094 1196 4109 ²

352 4254 392 4320 (1)
412 4252 468 4304 Act.
479 4252 531 4303 xiii.
542 4256 582 4304 33.

353 4340 392 4401 (2)
409 4336 569 4388 11111111.
593 4371 596 4395 ÷

351 4420 588 4484 mmmm

353 4507 396 4573 (4)
415 4505 589 4569 Wegseheider
599 4502 725 4569 essum
735 4505 776 4558 eit.
787 4521 803 4557 a
814 4505 932 4559 Perrone..

359 4589 615 4656 mmmm

623 4660 681 4717 21*
