2744 5024
590 86 635 159 ,tt

82 284 121 342 ⁶2
211 208 238 261 e
274 280 282 291 '
393 276 421 286 ’“
469 281 526 344 DE
548 279 720 345 nonunt:
741 278 884 345 LAPSO.

82 442 213 516 quamvls
234 412 351 501 nobuisi
365 457 403 498 ex
416 440 512 518 gratie
532 440 655 500 celestis
676 452 753 500 motu
773 440 881 513 aliquid
901 439 977 514 qnod
992 438 1027 498 sd
1042 439 1129 521 vitam
1143 447 1270 499 mmm

81 539 175 609 ducat,
189 541 313 616 cogitare
327 537 429 616 possit,
443 538 489 595 vel
503 539 648 596 inchoare.
688 539 760 604 Quae
775 539 881 595 viribus
895 547 1001 595 natrrrte
1015 537 1082 595 facit
1096 538 1199 596 rationi
1212 555 1270 594 oon

80 653 160 712 grue,
175 654 229 695 nec
242 636 301 694 ullo
314 652 403 712 pravo
417 634 474 691 fine
490 634 595 701 vitiata,
609 634 685 691 bona
697 642 775 699 sunt,
788 634 866 700 licet,
880 633 1058 691 sublimioris
1071 633 1140 690 finis
1154 632 1270 690 delectu

79 732 182 790 merito
193 744 222 790 et
230 733 348 810 premio
357 731 692 807 supematuralicareant.
733 729 934 806 Augustiniani
943 710 1028 787 etia'm
1040 747 1075 787 ea
1083 729 1183 787 hacde
1192 747 1270 785 caus

79 826 164 904 eulpa
177 827 319 901 inquinari
340 826 524 894 contendunt,
539 845 625 899 quam
639 826 761 884 latentur
781 844 838 884 non
851 845 917 884 esse
930 844 1056 903 gravem.
1099 827 1208 883 Ceteri
1221 826 1270 902 ple

78 922 161 994 rique
175 923 320 1000 Tlteologi
334 924 448 1000 eulpam
461 932 491 980 et
501 923 633 980 meritum
648 922 754 998 pariter
765 923 866 979 abesse
879 931 991 997 putant.
1031 922 1112 979 Hinc
1126 910 1187 980 uon
1200 921 1270 979 dubi

79 1026 139 1074 tant
152 1017 293 1076 Ethuicos
307 1017 420 1091 aliquos
430 1018 546 1075 virtutes
560 1013 687 1074 morales
700 1016 877 1082 exercuisse,
887 1026 917 1072 et
930 1025 1092 1090 peccatores
1107 1034 1197 1091 opera
1211 1015 1270 1072 viti¹

79 1129 170 1171 vacua
193 1113 346 1187 aliquando
374 1129 520 1189 peragere.
574 1109 707 1169 Prolectd
735 1111 845 1187 Bajana
872 1111 1031 1187 propositio
1058 1110 1193 1168 damnata
1216 1120 1266 1168 est

80 1206 218 1265 “Omnia
238 1225 325 1282 opera
346 1205 507 1263 infidelium
526 1216 594 1262 sunt
614 1215 741 1282 peccata,
758 1215 788 1262 et
809 1203 1053 1281 Philosophorum
1072 1205 1198 1262 virtutes
1213 1221 1270 1261 sun

78 1301 192 1360 111111.”1
233 1302 397 1361 Concilium
412 1301 616 1360 Tridentinum
636 1303 723 1360 etiam
736 1302 867 1359 censuit:
911 1310 931 1337 ‘⁸
941 1302 974 1358 si
993 1302 1058 1374 quis
1073 1301 1180 1362 dixerit
1194 1318 1270 1378 oper

78 1398 185 1465 omnia,
201 1415 267 1470 quae
280 1408 345 1456 aute
362 1396 597 1474 justificationem
620 1397 704 1464 fiunt,
718 1414 898 1468 quacumque
919 1396 1027 1454 ratione
1041 1395 1114 1454 sacta
1127 1397 1199 1464 sint,
1213 1413 1270 1455 ver

77 1509 143 1551 esse
158 1505 284 1570 peccata,
298 1495 345 1552 vel
358 1493 456 1553 odium
472 1494 529 1552 Dei
543 1495 656 1561 mereri,
667 1493 819 1551 anathema
831 1491 915 1550 sit.”⁹
954 1493 1100 1566 Equidem
1115 1493 1270 1552 nnlla'rati¹

77 1590 147 1648 sinit
159 1602 191 1649 ut
203 1609 267 1664 quae
282 1598 488 1667 congruasunt
505 1608 616 1648 morum
631 1590 737 1666 regulis
758 1589 883 1665 peecatis
897 1600 1100 1648 accenseantur
1114 1608 1150 1648 eo
1164 1589 1244 1664 quod

77 1697 226 1761 peccatore
247 1688 325 1754 fiant,
341 1688 391 1760 qui
412 1695 505 1744 tamen
519 1686 630 1743 nullum
650 1704 769 1761 pravum
790 1685 877 1743 finem
898 1685 954 1743 sibi
974 1686 1118 1762 proponit,
1134 1687 1187 1744 sed
1208 1687 1270 1764 legi

78 1781 157 1840 cordi
168 1783 318 1860 insculptis
329 1782 475 1840 dictamini
486 1781 663 1853 obsequitur.
703 1780 860 1856 Apostolus
872 1781 930 1837 ait:
944 1789 964 1816 ‘⁴
975 1779 1052 1837 (lum
1064 1782 1143 1838 euim
1156 1781 1270 1841 eones

77 1897 142 1951 quse
155 1880 248 1956 legem
264 1898 321 1938 non
341 1878 456 1946 habent,
470 1878 633 1935 naturaliter
646 1894 690 1944 ea,
706 1894 768 1948 quae
783 1874 855 1951 legis
869 1886 937 1933 sunt
948 1875 1066 1943 faciunt,
1080 1876 1228 1952 ejusmodi
1241 1877 1270 1936 le

78 1993 143 2051 gem
159 1995 216 2035 non
230 1969 378 2042 habentes,
393 1976 450 2050 ipsi
464 1974 519 2030 sibi
535 1982 602 2030 sunt
615 1972 673 2029 lex:
688 1972 738 2044 qui
752 1971 906 2031 ostendunt
918 1990 993 2048 opus
1005 1972 1078 2048 legis
1093 1973 1235 2049 scriptum
1250 1975 1270 2032 it

78 2071 211 2129 cordibus
225 2072 297 2137 suis,
313 2069 506 2126 testimonium
529 2065 663 2123 reddente
685 2066 741 2123 illis
762 2069 936 2126 conscientia
955 2069 1094 2143 ipsomm,
1109 2078 1140 2126 et
1153 2069 1229 2127 inter
1240 2089 1270 2128 s·

76 2164 201 2221 invicem
224 2161 443 2237 cogitationibus
465 2160 674 2226 accusantibus,
700 2163 856 2221 autetiam
883 2162 1151 2221 defendentibus.”³
1191 2165 1270 2231 Quos

77 2269 172 2315 autern
187 2257 273 2314 dicit:
297 2255 422 2314 “Omne
436 2255 513 2329 quod
527 2274 585 2314 non
599 2267 693 2314 estex
708 2257 765 2329 fide
780 2267 929 2334 peccatum
944 2272 988 2318 est
997 2259 1044 2327 ;'’⁴
1055 2260 1270 2338 intelligendum

76 2353 161 2430 plane
176 2363 220 2410 est
233 2349 269 2410 de
291 2352 476 2421 conscientia,
491 2370 542 2409 seu
558 2365 634 2409 certa
657 2353 778 2425 quadam
800 2356 986 2430 persuasione
1009 2347 1068 2413 rem
1091 2356 1200 2424 licere;
1221 2358 1270 2434 agi

77 2450 155 2506 enim
169 2449 204 2506 de
216 2448 442 2524 idolothytorum
452 2467 514 2517 esu,
527 2469 612 2522 quem
629 2459 776 2525 peecatum
791 2451 925 2510 inducere
940 2451 1070 2520 affirmat,
1083 2454 1199 2525 quoties
1214 2455 1270 2527 quir

77 2543 242 2602 discernens
258 2562 301 2612 ea,
316 2543 477 2612 manducat,
493 2554 595 2619 putans
610 2544 638 2602 id
653 2563 711 2603 non
725 2545 810 2603 licere
823 2565 831 2602 1
854 2545 919 2605 ideo
933 2546 1092 2615 damnatur,
1106 2557 1127 2584 ⁴⁶
1138 2549 1208 2620 quia
1221 2566 1270 2608 not

38 2646 40 2651 '
76 2655 114 2695 ex
125 2638 214 2706 fide‚’'
227 2639 339 2698 scilicet
352 2641 419 2713 quia
433 2641 537 2697 mentis
547 2639 689 2716 judicium
705 2641 779 2696 actui
793 2659 851 2699 uon
865 2642 1029 2717 respondet.

119 2739 185 2795 176.
207 2735 240 2794 Id
256 2736 342 2813 igitur
356 2735 432 2794 eertd
457 2735 612 2793 tenendum
633 2743 677 2792 est
696 2734 824 2791 hominis
845 2735 917 2810 lapsi
932 2755 1019 2812 opera
1032 2755 1089 2794 non
1113 2739 1270 2797 necessarii

77 2851 141 2891 esse
156 2843 291 2909 peccata3
307 2834 437 2907 quamvis
447 2832 522 2890 haud
539 2831 699 2908 negandum
711 2840 817 2892 tantam
827 2850 892 2888 esse
904 2832 1097 2893 infirmitatem
1108 2833 1267 2895 humanam

21 3004 27 3010 Ι
77 2941 108 2987 ut
121 2930 203 2988 facile
219 2929 254 2986 ad
265 2928 440 3005 peccandum
456 2927 574 2984 labatur:
584 2927 629 2984 vel
643 2928 721 2984 enim
736 2928 765 2984 in
780 2926 865 2984 vetita
879 2927 986 2996 nititur,
996 2929 1042 2985 vel
1056 2947 1121 3001 quse
1136 2932 1270 3006 permissi

77 3036 144 3083 sunt
157 3044 244 3101 pravo
258 3025 316 3085 fine
330 3022 521 3099 prosequitur,
537 3024 582 3080 vel
596 3022 664 3079 alias
686 3023 840 3099 plurimum
854 3023 958 3082 deficit.

118 3125 185 3179 177.
208 3120 254 3177 De
277 3119 369 3194 poenis
393 3120 501 3195 peccati
523 3119 654 3194 originis,
676 3131 778 3194 praeter
800 3129 920 3177 mortem
945 3131 973 3176 et
993 3121 1058 3176 vitae
1081 3139 1268 3191 aerumnam

77 3215 262 3275 amissionem
277 3212 416 3271 donorum
438 3213 705 3288 supernaturalium,
721 3232 785 3286 que
799 3214 868 3271 alias
889 3214 1012 3272 luissent
1026 3214 1100 3282 data,
1115 3214 1152 3272 de
1167 3216 1226 3275 fide
1240 3228 1270 3275 te

77 3310 202 3371 nendum
225 3302 271 3366 est'
283 3309 369 3365 vitam
385 3316 530 3376 eternam,
545 3308 747 3367 beatitudinem
762 3310 871 3367 scilicet
884 3311 1131 3386 supernaturalem·
1140 3313 1270 3372 emissan

76 3409 177 3472 fuisse,
193 3404 256 3463 Ada
269 3414 415 3480 peccante.
453 3412 472 3439 ‘⁸
482 3403 573 3461 Poena
584 3405 730 3480 originalis
745 3405 886 3481 peccati‚'’
902 3407 995 3478 inquit
1006 3406 1193 3465 innocentius
1209 3407 1266 3467 111.

79 3513 153 3561 “est
174 3502 298 3560 carentia
318 3501 437 3559 visionis
460 3491 535 3558 Dei:
560 3501 677 3558 actualis
693 3501 759 3558 verb
782 3503 891 3577 peccati
912 3512 957 3559 est
976 3501 1116 3578 gehenne
1131 3515 1270 3580 perpetuu

78 3598 263 3678 cruciatus.”⁵
304 3597 446 3656 Gaetemm
460 3616 523 3670 quae
535 3597 628 3656 bacin
644 3617 673 3655 re
687 3597 803 3654 definita
814 3607 880 3656 sunt
890 3597 1104 3656 recensebimus
1116 3599 1146 3657 in
1160 3609 1270 3659 tractati·

77 3700 112 3758 de
126 3699 285 3774 Baptismo.

413 3873 455 3938 (l)
475 3871 548 3935 Pmp.
559 3873 600 3921 25.
698 3932 701 3937 .

410 3961 448 4021 (2)
466 3957 532 4006 Sese.
542 3956 576 4004 vi.
587 3973 609 4004 c.
619 3955 661 4004 vii.

414 4041 455 4104 (³)
475 4039 541 4087 Sess.
549 4039 581 4087 vi.
593 4053 614 4087 c.
625 4039 667 4086 vii.

412 4123 454 4186 (4)
474 4121 545 4170 Rom.
559 4124 597 4178 11,
612 4123 650 4168 ld.

412 4208 449 4267 (5)
467 4205 539 4256 Decr.
550 4207 566 4255 l.
577 4205 613 4255 iii.
623 4214 639 4256 t.
650 4208 692 4266 42,
704 4206 742 4256 de.
753 4206 825 4272 Bapt
