2730 5018
93 298 97 303 .
124 261 182 318 tto
516 253 573 314 DE
595 252 800 314 PRIMAEVA
820 255 930 316 FIDE.

121 415 242 474 obscura
255 411 370 472 indicia:
384 429 452 470 nam
464 411 574 469 “Deus
586 420 645 468 erat
659 411 821 480 Verbum,”
837 421 875 480 et,
889 411 1009 470 Christo
1022 414 1168 490 magistro,
1183 414 1322 474 novimus

120 509 278 568 cumidem
293 527 357 575 esse
372 527 404 565 ac
419 507 520 566 Pater:
544 515 564 541 “
575 506 642 582 Ego
652 517 680 562 et
694 507 780 566 Pater
792 524 880 565 unum
896 507 1027 565 sumus.”
1060 510 1087 568 N
1091 528 1129 566 on
1141 509 1204 571 brec
1218 509 1321 574 obiter,
1344 566 1347 574 ,

121 603 174 664 sed
195 604 326 662 consulto
350 602 514 668 dictasunt,
529 599 565 657 ad
586 601 690 676 dogma
704 601 832 660 divinum
847 602 991 660 mentibus
1005 601 1093 660 altius
1104 603 1329 675 insinuandum,

120 698 202 758 Idem
215 699 369 776 inscriptis
382 699 455 765 aliis,
467 715 530 769 quae
542 697 710 772 Apostolico
721 715 783 756 aevo
795 697 870 755 edita
881 711 957 766 sunt,
969 699 1100 756 traditum
1110 700 1171 776 jam
1185 699 1321 756 vidimus.

163 800 234 853 226.
260 794 328 872 Obj.
351 799 379 852 3.
401 792 487 852 Philo
507 790 636 858 Judaeue,
658 791 814 850 Platonicis
835 793 952 850 studens
973 794 1118 862 institutis,
1134 796 1261 870 patribus
1275 812 1321 852 ec·

121 890 216 948 olesiae
230 889 402 946 Christianae
414 888 594 946 occasionem
609 887 729 962 praebuit
740 905 892 962 personam
906 888 1002 946 Verbo
1017 905 1053 957 ιφ
1070 897 1141 960 hoyo
1156 888 1307 946 tribuendi
1311 894 1321 923 ²

159 989 233 1042 227.
255 982 345 1058 Resp.
366 980 452 1058 Apud
466 980 616 1038 Platonem
626 979 741 1038 nihilde
752 980 840 1039 Verbi
855 1000 977 1057 persona
990 984 1130 1040 occurrit·
1123 1024 1132 1051 ,
1146 997 1320 1060 quapropter

120 1079 155 1136 ab
170 1097 205 1136 eo
219 1064 387 1154 hujusmodi
400 1076 546 1135 notionem
558 1075 686 1133 derivare
700 1095 759 1134 non
772 1077 866 1153 potuit
879 1077 975 1136 Philo.
996 1086 1073 1148 Δογος
1087 1079 1250 1137 Platonicus
1267 1098 1320 1136 seu

119 1177 216 1253 potius
236 1195 273 1247 ves
293 1175 548 1242 ratiocinationem,
571 1173 613 1232 rel
637 1174 838 1250 cogitationem
862 1174 987 1234 divinam
1012 1176 1159 1252 designazt
1192 1175 1320 1234 mundus

55 1324 57 1331 .
107 1258 183 1348 'ipse
197 1271 273 1328 filius
294 1270 351 1328 Dei
365 1273 503 1337 vocatur.²
543 1268 628 1326 Philo
642 1267 759 1340 quidem
780 1269 861 1344 plura
882 1269 995 1327 tradidit
1015 1270 1170 1328 christiano
1189 1270 1320 1348 dogmati

119 1367 227 1434 affinia,
239 1386 302 1440 quar
315 1384 353 1424 ex
363 1364 442 1427 libes
455 1360 678 1441 Sapientialibus
693 1364 807 1421 Veteris
822 1365 1001 1424 Testamenti
1016 1368 1168 1443 collegisse
1183 1368 1321 1425 videtur.³

119 1442 152 1521 S
164 1463 291 1522 Joannes
303 1472 408 1529 autem,
421 1462 470 1535 qui
481 1479 534 1519 nec
546 1461 659 1518 Platoni
670 1460 786 1528 studuit,
797 1479 850 1519 nec
863 1462 1014 1521 Philonem
1028 1465 1125 1521 habuit
1136 1466 1317 1540 magistrum,

118 1541 155 1617 de
169 1559 266 1618 Verbo
280 1578 315 1616 ea
328 1558 424 1616 docuit
438 1576 501 1629 quae
516 1557 702 1632 scriptoribus
717 1556 879 1614 christianis
901 1557 1013 1616 scierunt
1027 1578 1126 1617 norma
1139 1571 1168 1617 et
1188 1560 1235 1617 lex
1251 1562 1321 1616 sori·

101 1654 214 1712 tendi.
256 1653 423 1712 Levissimoe
451 1652 621 1728 conjecture
643 1651 810 1709 adversariis
832 1665 1061 1728 argumentorum
1081 1655 1146 1713 loco
1166 1655 1319 1720 habentur,

117 1751 197 1808 omni
213 1749 362 1807 deficiente
377 1747 559 1806 documento.

157 1849 226 1902 228.
255 1843 322 1922 Obj.
338 1848 366 1900 4.
388 1842 433 1900 Ad
449 1860 553 1900 annum
576 1859 667 1914 usque
685 1846 751 1908 138,
766 1842 846 1900 solus
867 1844 947 1902 Deus
969 1846 1054 1904 Pater
1067 1848 1097 1904 in
1117 1849 1251 1907 omnibus
1272 1869 1319 1907 ec-

117 1925 215 2000 clesiis
229 1941 391 1998 christianis
407 1940 561 2005 colebatur,
577 1939 695 1998 Christo
716 1940 861 2016 praecipuo
876 1942 949 2000 inter
962 1954 1039 2000 vates
1052 1945 1147 2003 habito
1159 1947 1204 2004 ab
1225 1951 1320 2004 omui·

71 2090 84 2102 ,
115 2037 183 2104 bus;
197 2037 246 2109 qui
261 2047 355 2093 tamen
370 2048 428 2094 non
441 2034 571 2092 extitisse
584 2034 751 2091 credebatur
763 2046 914 2108 antequam
930 2037 959 2095 in
972 2038 990 2096 J
993 2039 1074 2096 udaea
1088 2054 1259 2099 nasceretur
1263 2047 1276 2077 ⁴

156 2136 226 2190 222.
248 2131 338 2208 Rcap.
359 2131 498 2189 Praeclara
514 2129 702 2188 Christicum
724 2131 808 2192 Patre
830 2133 934 2201 cultus,
955 2138 1099 2207 tamquam
1120 2136 1177 2194 Dei
1198 2140 1232 2194 ab
1254 2157 1319 2196 aevo

115 2214 277 2299 existentis,
291 2222 498 2283 laudavimus'
486 2243 548 2300 Jam
563 2242 599 2281 ex
614 2224 768 2301 Scripturis
781 2227 952 2286 testimonia.
994 2230 1028 2288 lu
1042 2231 1163 2306 epistola
1177 2233 1319 2290 Barnabae

114 2321 201 2381 Peter
214 2339 279 2387 eum
295 2330 365 2411 ante
373 2320 604 2379 constitutionem
626 2320 725 2378 mundi
746 2320 849 2380 dieitur
870 2324 1018 2391 allocutus,
1033 2329 1145 2384 consilii
1167 2340 1266 2404 utpote
1289 2344 1320 2387 et

114 2419 211 2495 operis
226 2418 405 2509 participem.
447 2410 602 2494 Apostolos
614 2418 752 2476 mitte-ndo
768 2419 899 2477 homiues
915 2435 1032 2497 peceato
1043 2425 1204 2501 obstrictos,
1218 2435 1238 2462 ‘⁶
1248 2438 1318 2505 tupc

114 2505 209 2595 pala'r'n
234 2514 301 2571 lecit
316 2531 347 2570 se
368 2531 432 2570 esse
453 2513 544 2570 filium
569 2514 633 2571 hei.
677 2514 744 2570 Nisi
765 2515 843 2572 enim
857 2518 983 2575 venisset
1002 2519 1032 2575 in
1053 2538 1148 2584 carne,
1163 2523 1327 2596 quomodo

114 2609 218 2666 servati
233 2608 387 2665 fuissemus
402 2625 455 2664 nos
469 2606 613 2673 homines,
629 2607 758 2665 videntes
769 2610 856 2666 euml
879 2612 1142 2686 quandoquidem“
1124 2634 1143 2671 ιι
1159 2616 1209 2687 qui
1223 2617 1326 2682 solem>

113 2703 202 2771 hune,
218 2702 370 2775 aliquando
381 2701 548 2769 desiturum,
561 2720 635 2778 opus
645 2718 783 2760 manuum
795 2704 869 2781 ejus,
880 2707 1031 2782 aspiciunt,
1044 2727 1101 2766 non
1112 2710 1206 2766 velent
1214 2711 1317 2769 radios

112 2800 190 2858 illius
205 2799 326 2858 obtueri.
348 2799 439 2857 Filius
453 2799 548 2870 itaque
560 2798 617 2865 Dei
633 2799 697 2856 ideo
711 2801 740 2857 in
754 2820 837 2858 carne
854 2805 941 2868 venit,
953 2815 984 2859 ut
997 2823 1139 2874 summam
1155 2808 1318 2881 imponeret

112 2894 240 2972 peccatis
265 2913 375 2961 eorum,
397 2895 447 2966 qui
468 2893 504 2950 ad
523 2889 808 2970 mortempereeeuti
828 2910 895 2955 sunt
916 2898 1074 2974 Prophetas
1100 2901 1208 2958 illius.”
1250 2923 1312 2956 τοτε

112 2997 255 3059 {conspecte
266 2991 349 3044 ἑαυτὸν
360 2994 411 3044 ὑιον
423 2992 477 3044 θεοῦ
488 2993 556 3043 ἔνιοι.
575 2990 615 3043 Εἰ
625 3013 671 3061 γορ
683 2993 718 3061 μὴ
727 2995 801 3061 ἦλθεν
812 2997 837 3046 ἐν
849 2996 930 3064 sagei,
947 3001 995 3056 πῶς
1006 2995 1035 3048 ἂν
1049 2999 1172 3071 ἐσώὲῃμεν
1183 2997 1319 3066 ἅνδρωιιοι,

112 3080 244 3142 βλέποντες
255 3077 335 3132 ἀνιὸν.
376 3078 481 3136 Extitit
503 3079 588 3154 igitur
613 3092 764 3151 antequam
789 3083 898 3138 venerit
922 3085 951 3140 in
972 3103 1067 3152 carne,
1093 3098 1192 3158 estque
1220 3106 1317 3143 rerum

112 3175 222 3252 opifex,
237 3167 304 3231 narn
329 3174 372 3231 sol
393 3184 437 3232 est
462 3191 535 3250 opus
556 3193 691 3233 manuum
717 3178 780 3253 ejus
794 3178 940 3248 ἦιιονὲςγον
954 3186 1041 3250 argnti
1057 3181 1140 3238 metr
1181 3183 1252 3249 Quae
1278 3203 1317 3240 ex

118 3268 240 3335 Herma,
254 3278 281 3326 et
303 3267 453 3326 Clemente
468 3268 657 3338 laudavimus,
672 3289 738 3331 eum
759 3274 948 3347 praeextitiese
963 3274 1045 3350 plane
1060 3278 1232 3345 ostendunt,
1256 3280 1318 3336 imo

113 3363 206 3430 Deus,
220 3362 379 3420 Clementis
394 3375 422 3420 et
436 3363 540 3440 Ignatii
550 3365 733 3432 testimoniis,
748 3360 910 3425 exhibetur.
942 3368 1131 3446 Polycarpus,
1147 3372 1318 3448 Episcopus

110 3460 302 3535 >Smyrnensis
319 3458 420 3526 lactus,
435 3478 509 3517 anno
524 3461 635 3517 circiter
655 3464 704 3540 26,
720 3473 828 3538 martyr
841 3482 916 3521 anno
933 3469 999 3532 169,
1016 3467 1128 3525 Patrem
1151 3487 1215 3525 cunr
1238 3469 1326 3526 Filio·

114 3555 289 3630 sempiterno
303 3565 331 3612 et
345 3554 450 3612 caelesti
472 3555 501 3611 in
517 3556 573 3611 vita
594 3566 623 3612 et
644 3571 733 3613 morte
754 3557 950 3632 glorificabat;
972 3579 1058 3633 quem
1079 3553 1163 3620 etiarn
1187 3563 1316 3620 universi

114 3650 215 3708 fideles
235 3649 398 3717 adorabant,
420 3649 461 3707 uti
483 3650 557 3726 jam,
579 3649 614 3707 de
637 3653 779 3728 martyrio·
796 3653 950 3732 Polycarpi
972 3671 1099 3733 agentes,
1124 3658 1316 3716 ostendimus.

150 3916 188 3976 (1)
206 3911 324 3977 Prieetley
334 3928 385 3977 per.
397 3912 427 3963 11.
440 3913 501 3973 §iu
512 3930 536 3979 p.
548 3917 605 3964 204.
711 3972 717 3980 ,

151 4004 188 4062 (2)
209 4000 270 4048 Vide
282 4001 440 4050 Marannml.
452 4000 484 4050 iv
496 4003 1316 4070 αιςι111.ιουςιΡιίιιι1ιγι11ι1ιιιιρ.111.ςι1ιιιΡιιιι1ο.

116 4083 150 4133 l.'
144 4099 159 4132 ι.
171 4083 281 4132 ι1ιΤιίιι.
293 4083 342 4132 c.i
504 4131 508 4137 .

151 4172 188 4230 (3)
207 4168 300 4217 Confer
311 4168 383 4220 Prov
394 4170 476 4219 cviii.
490 4185 547 4230 curn
565 4171 605 4220 lib.
619 4175 640 4219 l.
652 4172 683 4220 dc
697 4173 746 4234 leg.
763 4173 833 4235 alleg.
850 4190 871 4224 e.
884 4176 924 4224 ot.
942 4175 1060 4240 Priestlcy
1078 4177 1166 4227 fatetur
1184 4178 1316 4229 Philonem

116 4264 193 4324 Λογος
203 4271 218 4303 e
230 4253 360 4317 Scripturis
372 4253 506 4304 derivasse:
524 4255 606 4304 “The
617 4257 706 4305 second
724 4260 752 4306 of
765 4257 833 4307 these
849 4259 987 4324 principles,
999 4261 1078 4322 Philo,
1089 4263 1130 4312 the
1147 4263 1245 4313 learned
1261 4263 1316 4359 lew

43 4391 45 4395 ,
117 4344 145 4391 ol
159 4339 315 4396 Alexandria,
327 4340 404 4389 called
415 4341 515 4402 lugeas
529 4348 588 4390 term
601 4343 724 4394 horrowed
736 4344 798 4394 from
809 4345 851 4395 the
862 4345 1051 4414 Scriptures.”

152 4428 188 4486 (4)
208 4425 383 4489 Priestleyper.
392 4423 423 4475 11.
435 4425 542 4476 Sectis
553 4427 608 4478 hist
658 4480 667 4498 ‚
701 4461 702 4464 =

151 4514 189 4572 (b)
206 4510 392 4574 Baro.ep.§v.
