2744 5024
86 242 127 299 80
298 237 357 299 ΠΕ
377 236 568 311 AE'l'Elthl
586 234 717 299 VERBI
737 231 1072 299 annuntient

85 395 309 455 omittimffl
349 395 447 454 Nemo
466 405 563 454 auten
583 397 748 474 suspicatos
771 405 817 455 est
839 395 938 472 ipsum
961 413 1028 454 esse
1053 395 1150 457 Deum
1170 400 1276 459 rent!

83 493 209 569 proprie,
220 493 352 564 quamvis
366 492 453 551 Philo
466 492 524 551 lato
537 491 664 566 quodm
677 510 766 551 seusu
779 508 847 550 eun
861 492 900 549 ita
913 492 1128 568 appellaverit.¹

123 591 172 645 tt.
193 587 283 666 Rerp.
304 589 377 656 Qua
388 589 562 666 objiciuntur
571 587 842 649 ostenduntJudteis
855 606 912 645 non
924 606 1041 664 prorsus
1055 589 1183 665 ignotum
1192 588 1276 655 aas·

83 680 140 742 nai
155 683 293 750 Verbum,
308 684 392 761 cujus
413 702 531 760 opernm
545 682 575 742 in
599 684 707 742 mundo
728 682 879 742 condendo
899 681 1036 740 divinitus
1057 683 1168 742 afflatus
1184 694 1276 749 enom}

86 776 247 856 Wouioe
261 790 380 837 testatus
400 791 466 838 est:
487 781 613 850 ὃηαῂσιξ
629 779 663 834 τὸ
673 779 757 834 πάντα
770 782 797 832 ir
813 781 877 849 >tyn
894 797 945 835 ooo:
968 788 988 814 “
998 779 1048 851 qui
1069 779 1162 837 iecisti
1180 778 1276 841 omnin

84 877 170 934 verbo
185 876 280 934 tuo.”⁸
322 877 432 935 Mirum
445 883 563 934 nonest
582 871 735 931 Philonem
756 870 886 944 aliosque
900 883 978 931 tanto
992 874 1101 933 lumine
1116 875 1187 933 haud
1199 875 1269 935 itim-

82 987 170 1042 patos
184 992 242 1030 non
258 972 342 1049 plane
363 972 540 1031 intellexisse
553 969 644 1027 Verbi
665 977 803 1034 naturam,
818 986 907 1040 qnam
917 969 1046 1029 Joannes
1061 972 1133 1030 adeo
1155 971 1260 1030 luculen-

82 1073 125 1122 ter
136 1065 306 1123 deelaravitr
328 1075 462 1123 caeterum
486 1080 544 1120 non
566 1061 620 1119 hos
640 1059 738 1119 habuit
758 1059 821 1134 ipse
836 1060 987 1130 doctores;
1007 1063 1059 1120 scd
1074 1072 1095 1100 “
1109 1063 1256 1139 Unigenitrs

83 1160 160 1219 tilius
173 1163 223 1234 qni
234 1172 288 1227 est,
299 1161 328 1217 in
343 1161 409 1217 sinu
421 1159 514 1217 Patris
528 1158 591 1233 ipse
605 1156 791 1215 enarravit.”⁴
829 1156 976 1230 Quidquid
996 1159 1084 1235 igitur
1096 1159 1133 1215 sit
1146 1157 1179 1215 de
1190 1174 1256 1215 tonsu

82 1275 140 1328 quo
155 1256 240 1313 Philo
253 1257 368 1312 uerbum
379 1253 566 1330 appellaverit
576 1252 683 1321 Deum,
695 1262 806 1312 consul
815 1253 958 1311 loannem
969 1255 1037 1312 eum
1051 1255 1094 1312 sic
1104 1253 1255 1330 designasse,

81 1350 209 1423 eoquod
223 1369 317 1409 rerum
330 1351 459 1409 omnium
474 1348 604 1408 conditor
618 1349 701 1416 soret,
716 1351 780 1407 vitre
795 1359 824 1407 et
836 1349 909 1407 lueis
923 1359 1030 1419 auctor,
1046 1360 1074 1408 et
1088 1350 1165 1408 Patri
1176 1350 1254 1408 iatine

81 1446 261 1523 conjunctus.
304 1444 377 1503 llac
398 1455 474 1503 certe
496 1444 614 1502 Numen
635 1442 798 1521 designant,
811 1462 865 1501 nec
888 1455 1035 1513 creature,
1050 1445 1156 1518 absque
1175 1443 1255 1502 dirim

81 1543 239 1618 majestatis
253 1539 416 1618 dispendio,
432 1541 517 1603 tribui
529 1550 661 1616 possunt.

121 1643 171 1696 32.
196 1637 264 1716 Obj.
280 1641 308 1695 9.
331 1640 426 1709 ὁλόγος
447 1637 528 1696 Deus
540 1635 657 1710 quidem
668 1645 722 1703 est,
734 1636 843 1694 scilicet
854 1636 917 1712 ipsa
926 1637 985 1713 Dei
995 1637 1079 1704 ratio,
1089 1646 1119 1695 et
1131 1631 1257 1713 sapientis

84 1737 252 1810 quaomnia
272 1744 421 1793 constant:
444 1733 495 1792 sed
516 1734 635 1791 minime
655 1742 700 1790 est
720 1752 737 1789 a
756 1733 824 1791 Deo
841 1732 975 1791 distincta
995 1752 1139 1810 persona:
1164 1725 1258 1789 “nato

81 1831 162 1898 illa,”
179 1831 409 1913 inquitJoannes
431 1829 576 1897 Clericus,
590 1838 609 1864 ‘⁸
622 1847 708 1901 quam
722 1826 797 1904 apud
820 1827 926 1895 Deum,
941 1829 977 1886 ab
996 1829 1089 1896 initio,
1105 1829 1162 1886 imo
1181 1827 1261 1885 nem

79 1929 177 2005 ipsum
194 1928 295 1994 fuisse,
310 1928 340 1985 in
361 1947 418 2000 qua
434 1927 531 1992 vitam,
545 1927 573 1985 in
590 1944 646 1996 qua
660 1943 759 1983 verum
771 1924 1042 1990 lumen,'honrinum
1058 1925 1148 1982 fuisse
1161 1929 1261 1982 connu-

79 2022 185 2089 dimus,
207 2036 265 2080 non
288 2041 403 2098 semper
420 2019 520 2078 oculos
542 2032 654 2076 nostros
675 2019 756 2096 sugit,
773 2019 824 2077 sed
845 2040 896 2096 per
915 2020 1075 2088 hominem,
1090 2021 1120 2078 in
1134 2039 1189 2094 qua
1206 2015 1269 2072 arti·

79 2121 236 2195 conspicua
250 2118 323 2174 facta
337 2131 390 2181 est,
406 2129 491 2188 atque
506 2117 578 2173 inter
592 2135 645 2173 nos
660 2116 835 2188 aliquamdiu
851 2117 1074 2177 commorata.”⁵
1171 2140 1176 2156 ·

118 2217 167 2270 33.
182 2211 272 2286 Ilerp.
294 2211 339 2268 De
365 2211 463 2267 Verbo
489 2209 614 2281 loquitur
637 2208 776 2276 Joannes,
798 2217 942 2286 tamquam
967 2212 1002 2270 de
1028 2231 1152 2288 persona
1173 2199 1276 2291 musi?

79 2319 175 2375 tent03
198 2305 325 2378 illudque
340 2305 414 2382 apud
432 2305 526 2363 Deum
542 2305 631 2363 suisse
646 2307 681 2363 ab
702 2307 783 2364 initio
803 2312 861 2378 πρός
875 2315 917 2368 τὸν
934 2319 990 2374 θεὸν
1003 2308 1082 2380 dicit,
1099 2320 1129 2367 et
1141 2312 1196 2385 per¹
1210 2297 1276 2365 illu*

78 2406 176 2464 omnia
189 2403 313 2471 condita,
329 2418 357 2460 et
371 2405 402 2461 in
416 2422 450 2460 eo
466 2403 551 2461 vitam
567 2422 642 2472 esse,
657 2422 723 2477 quae
740 2405 904 2462 hominibus
919 2405 1016 2464 lumen
1031 2417 1085 2474 est,
1102 2425 1160 2480 quo
1174 2384 1276 2477 singli·

79 2503 264 2561 illustrantur.
303 2500 378 2558 Illud
399 2501 512 2559 venisse
528 2502 557 2559 in
577 2501 727 2569 mundum,
744 2512 772 2559 et
785 2521 869 2561 carne
891 2514 1038 2580 assumpta
1051 2504 1195 2562 habitasse
1209 2495 1276 2562 int«

78 2599 210 2657 homines
225 2599 356 2666 affirmat,
372 2596 448 2671 quod
470 2596 505 2655 de
521 2597 577 2655 Dei
597 2600 705 2656 ratione
720 2608 748 2655 et
762 2599 912 2673 sapientia,
927 2618 978 2655 seu
993 2601 1129 2657 attributo
1144 2596 1276 2673 quocu¹

79 2715 135 2770 que
150 2693 259 2761 divino,
275 2693 332 2751 dici
355 2713 413 2751 non
435 2704 542 2770 posset,
558 2693 614 2750 nisi
635 2693 729 2750 verbis
753 2695 847 2750 minus
872 2694 985 2769 proprie
1008 2695 1142 2772 acceptis.
1186 2691 1276 2763 qu'

78 2793 168 2872 gloria
193 2792 267 2867 ejus,
293 2790 458 2847 hominibus
484 2789 605 2847 videnda
629 2789 766 2855 exhibita,
790 2788 939 2865 Unigeniti
963 2808 980 2845 a
1002 2790 1085 2847 Patre
1110 2790 1234 2858 dicatur,

76 2897 90 2947 ὁ
112 2898 181 2966 adpo,
201 2887 302 2962 plenus
324 2887 419 2960 gratiae
435 2896 463 2942 et
482 2886 619 2952 veritatis,
635 2885 725 2956 liquet
745 2885 824 2941 illurn
840 2904 857 2940 a
871 2885 954 2942 Patre
969 2885 1116 2961 distingui,
1132 2906 1200 2944 esse
1223 2888 1276 2964 μ(

79 3001 179 3040 sonam
195 2984 308 3056 abipso
323 2983 458 3056 genitam,
474 2981 577 3040 divinae
592 2982 756 3039 substantiae
772 2992 945 3049 consortem
967 3003 1032 3054 napo
1043 2983 1145 3052 πάτρος,
1161 2985 1276 3042 scilic·

79 3079 120 3133 uti
134 3090 208 3134 recte
224 3077 342 3133 advertit
357 3077 469 3143 Bullus,
486 3077 554 3133 “ita
568 3077 624 3134 Dei
642 3078 732 3134 Patris
754 3079 868 3135 unicum
894 3068 1074 3143 filium'esse,
1090 3090 1123 3136 ut
1146 3081 1229 3139 solus
1245 3087 1276 3138 1

78 3188 145 3227 vera
160 3169 196 3228 ab
208 3181 296 3240 'atque
312 3187 347 3225 eo
362 3170 426 3244 ipso
448 3171 531 3227 Patre
547 3171 659 3246 genitus
675 3171 804 3229 fuerit.”⁶
842 3158 896 3230 ¹llla
917 3173 1002 3248 igitur
1016 3173 1123 3235 Clerici
1146 3175 1276 3252 interpt

78 3267 146 3323 tatio
160 3265 280 3349 omnino
294 3264 384 3321 aliena
398 3277 442 3321 est
456 3285 472 3321 a
487 3267 636 3322 verborum
653 3267 691 3332 vi,
706 3279 735 3324 et
748 3281 902 3325 contextu:
918 3287 971 3325 neo
985 3268 1061 3325 enirn
1075 3267 1088 3317 ὁ
1103 3265 1178 3335 λόγος
1193 3270 1261 3329 inh

78 3363 156 3421 mine
177 3361 247 3418 Jesu
263 3373 454 3419 commoratus
477 3361 588 3430 dicitur,
603 3361 653 3419 sed
676 3381 754 3431 coro,
771 3365 882 3421 scilicet
902 3365 999 3440 homo,
1022 3367 1141 3444 suctus,
1157 3378 1188 3424 et
1214 3369 1276 3427 inu

77 3478 130 3517 nos
152 3470 353 3526 commoratus,
370 3470 447 3517 ortus
470 3461 516 3516 sui
538 3481 554 3517 a
579 3448 663 3518 Patre
688 3462 829 3537 praeclaris
853 3461 925 3519 datis
948 3461 1072 3519 indiciis.
1115 3463 1200 3522 Hinc
1224 3467 1276 3543 ipe

78 3553 280 3612 Rosenrniiller
294 3555 324 3612 in
333 3555 351 3612 J
354 3574 474 3612 oannem
495 3556 635 3620 scribonia,
652 3556 869 3613 animadvertit:
894 3557 998 3614 “Sunt
1011 3557 1096 3614 etiam
1111 3558 1192 3633 apud
1210 3561 1276 3618 Nor

78 3661 163 3718 trum,
177 3669 240 3722 quae
256 3651 407 3708 ostendant
420 3670 457 3708 ex
470 3652 532 3727 ejus
547 3652 687 3707 sententia
699 3656 770 3720 adam
785 3671 848 3708 esse
865 3663 990 3709 naturam
1006 3652 1161 3725 quamdam
1176 3657 1276 3716 subsis

114 3843 150 3902 (1)
170 3840 342 3890 Rosenmiillcr
352 3842 378 3890 in
390 3843 436 3893 loc.
444 3859 502 3892 mox
515 3843 555 3893 cit.
566 3843 625 3894 dicit
636 3843 852 3913 hanculudaorum
864 3844 1099 3903 fnisscsententiam,
1109 3854 1185 3908 prout
1197 3855 1276 3912 “egpr

80 3924 119 3988 gio
128 3924 302 3975 domonstravit
313 3943 344 3975 ex
356 3927 488 3976 chaldaicis
499 3928 654 3992 potissimum
665 3928 697 3976 V.
708 3927 740 3976 Τ.
752 3929 936 3992 paraphrasibus
952 3929 1006 3979 Cor
1024 3931 1091 3998 Aug.
1106 3928 1219 3999 Theoph.
1232 3936 1276 3986 Ker

80 4010 110 4060 dc
120 4009 260 4061 ἀοοίονίὂαε
270 4012 358 4061 veteris
369 4012 472 4061 ecclesia
483 4011 558 4078 αιὶρα
569 4019 691 4078 corruptae
706 4030 752 4079 per
764 4011 910 4066 Platonicus
926 4017 1062 4067 sententias
1077 4014 1220 4084 Theologtae
1232 4019 1276 4072 tto<

15 4124 18 4130 ,
50 4083 55 4097 ⁹
80 4096 168 4147 randis
181 4095 321 4145 Commeat.
334 4096 368 4147 ΙΙ.
380 4101 408 4146 in
420 4113 503 4163 opusc.
515 4097 622 4148 medeor.
637 4106 654 4146 t..
668 4099 701 4146 11.
714 4115 736 4162 p.
747 4099 807 4148 483.

115 4186 152 4244 (2)
171 4181 201 4230 L.
213 4182 243 4230 de
255 4180 371 4230 Somniis.

51 4246 54 4257 '
115 4268 153 4327 (a)
171 4266 229 4330 sap.
240 4265 274 4314 ix.
288 4267 341 4323 1‚a.

117 4352 155 4411 (4)
173 4350 244 4399 Joan.
260 4353 280 4411 1,
294 4352 333 4398 18.

116 4437 156 4500 (5)
176 4434 205 4482 In
217 4450 237 4483 c.
251 4436 261 4481 l
273 4434 384 4483 loannis.
810 4497 812 4502 A

118 4521 155 4581 (a)
173 4518 331 4570 iudanon.
343 4517 416 4569 Ceth.
427 4532 451 4583 p.
463 4517 504 4576 56,
515 4516 549 4567 cit
564 4517 735 4570 aBloomfield
743 4520 769 4571 in
781 4522 869 4572 locum,
924 4522 926 4527 '
