2744 5024
597 245 824 311 APPENDIX.

554 517 847 583 amanuensium.

144 654 278 727 Quinque
292 654 424 716 Jausenii
438 655 650 732 propositiones
664 653 804 713 damnmse
824 653 1025 730 plerarumque
1039 648 1193 718 Quesnelli
1207 665 1314 725 propo·

35 776 41 786 ·
101 749 240 809 sitiouum
252 751 347 810 clares
365 752 462 812 baberi
476 760 608 829 possunt.
663 750 750 817 Quod
763 750 835 809 dixit
858 749 1015 807 Jansenius
1030 748 1067 806 sle
1081 746 1238 824 praeceptis
1253 763 1314 802 ser·

104 855 169 904 satu
184 847 411 927 impossibilibus
432 848 587 907 insinuavit
599 846 785 915 Quesncllus,
800 846 819 904 J
821 845 910 903 udaeis
922 844 1040 919 quidem
1061 862 1097 902 ea
1117 840 1315 919 impossibilia

103 938 196 998 luisse
221 928 306 1018 plene
331 942 463 1011 dicendo,
487 941 660 1000 Christianis
685 960 753 1000 sero
777 940 936 1017 possibilia,
960 939 1203 1013 quotiescumque
1229 935 1314 1011 Deus

103 1033 206 1093 eadem
220 1036 250 1094 in
264 1035 321 1094 illis
345 1049 487 1115 operatur.
507 1038 570 1094 siue
585 1054 642 1109 quo
666 1035 772 1094 auxilio
788 1034 900 1093 efficaci
913 1035 1008 1110 ipsam
1023 1033 1180 1109 potentiam
1192 1049 1227 1088 es
1242 1028 1314 1087 faci·

104 1129 173 1188 endi
193 1130 295 1190 deesse
319 1131 411 1192 dicit.¹
451 1132 582 1191 luteriori
603 1132 699 1208 gratie
725 1148 882 1205 numquam
909 1130 1006 1188 resisti
1033 1125 1186 1186 manifesti
1212 1125 1315 1183 docuit

81 1240 85 1251 ’
107 1225 296 1294 Quesnellus,
317 1228 415 1303 gratiae
429 1227 624 1304 operationem
645 1227 869 1298 omnipotentem
892 1220 1101 1297 pradicand0.³
1140 1219 1187 1277 Ad
1200 1236 1316 1276 meren·

105 1317 175 1376 dum
190 1321 235 1378 sel
249 1320 451 1377 demerendum
466 1337 525 1378 nou
538 1319 645 1390 requiri
658 1318 841 1375 libertatema
855 1317 1025 1374 necessitate
1035 1334 1074 1373 ex
1087 1314 1146 1372 illis
1160 1314 1315 1391 principiis

106 1413 190 1471 lecils
223 1412 431 1472 deducebatur:
460 1414 535 1471 sicut
554 1421 583 1470 et
602 1411 760 1471 haeresibus
792 1412 995 1470 accensebatur
1021 1409 1163 1468 catholica
1187 1407 1321 1467 doctrina·

106 1509 204 1586 gretie
218 1527 306 1585 posse
319 1509 424 1567 resisti.
465 1507 511 1566 De
532 1506 643 1575 Christi
656 1526 709 1584 pro
728 1508 881 1567 electorum
897 1503 1094 1564 tantummodo
1109 1504 1203 1562 salute
1223 1514 1317 1563 morte

108 1606 239 1682 plurimae
254 1614 341 1682 agunt
361 1605 571 1682 propositiones
586 1605 746 1673 Quesuclh,
761 1605 810 1678 qui
824 1603 931 1663 idcirco
943 1602 1039 1662 docuit
1060 1600 1170 1658 nullam
1196 1618 1317 1679 prorsus

108 1699 169 1759 dari
185 1710 265 1759 extra
279 1701 441 1759 Ecclesiam
456 1702 600 1777 gratiam.³

148 1797 195 1855 De
209 1797 377 1874 impotentia
390 1797 517 1856 hominis
538 1797 572 1856 ad
588 1796 745 1871 quemlibet
758 1808 850 1856 actum
866 1796 967 1855 morali
982 1795 1134 1853 honestate
1149 1793 1315 1872 praeditum,

111 1895 223 1967 absque
236 1895 332 1969 gratie
347 1894 485 1972 impulsu,
498 1894 579 1971 plura
592 1893 706 1953 tradidit
726 1894 910 1963 Quesnellus,
924 1893 941 1951 J
945 1893 1106 1951 ansenianis
1122 1891 1238 1968 placitis
1251 1909 1319 1949 con·

108 2008 200 2048 sona:
216 1989 383 2075 quidquids
397 1992 596 2067 peccatorem,
609 2010 727 2068 pravum
739 2002 768 2049 et
776 1992 910 2050 vitiosum
921 2007 1002 2056 esse,
1010 1999 1108 2065 utpote
1124 2007 1140 2045 a
1151 1986 1318 2063 cupiditatis

111 2083 187 2140 mala
200 2076 306 2151 radice.
321 2094 483 2142 constanter
503 2083 635 2143 docens.⁴
676 2085 856 2144 charitatem
871 2094 977 2152 autam,
999 2102 1051 2160 pro
1072 2083 1318 2141 Jansanianorum

40 2208 58 2249 ,-
111 2170 203 2246 mor'e,
218 2179 321 2236 extulit
333 2178 475 2247 laudibus,
490 2178 562 2237 adeo
575 2188 607 2237 ut
620 2179 692 2238 nihil
712 2179 777 2238 Deo
792 2181 971 2252 aliquatenus
982 2187 1104 2255 gratum.
1120 2178 1167 2236 sel
1180 2178 1268 2235 nobis
1282 2175 1318 2234 ad

44 2254 51 2267 ¹
112 2269 233 2330 salutem
258 2272 338 2339 utile,
363 2272 439 2345 quod
455 2274 490 2330 ab
503 2291 609 2331 esnou
632 2275 790 2349 proveniet,
805 2274 913 2349 passim
937 2271 1036 2330 dicat.⁸
1077 2271 1234 2330 Timorem
1248 2271 1316 2339 Dei,

114 2356 200 2420 et'iam
216 2365 296 2422 illurn
310 2383 368 2436 quo
383 2366 557 2442 apcocando
571 2366 750 2433 cohibemur,
766 2387 800 2424 ea
814 2368 850 2426 de
865 2385 951 2425 causa
964 2365 1097 2443 respuit.⁸
1124 2349 1128 2365 ’

153 2456 235 2517 Fidei
252 2457 369 2530 quidem
383 2467 478 2534 partes
503 2460 533 2517 in
552 2460 651 2516 salutis
676 2461 793 2536 negotio
815 2444 969 2541 agnoscere
983 2459 1136 2533 aliquando
1162 2460 1245 2518 risus
1261 2469 1317 2526 est,

114 2544 244 2612 sedeam
258 2555 392 2612 charitate
407 2554 563 2630 perlectam
577 2554 737 2613 intellexit:
761 2566 789 2614 et
802 2557 954 2614 voluntatis
969 2557 1100 2614 humanae
1115 2555 1276 2613 libertatem
1291 2556 1322 2612 in

114 2651 170 2707 fide
183 2650 379 2726 amplectenda
393 2659 421 2706 et
431 2651 590 2707 exercenda
604 2653 740 2726 negavit.⁷

155 2746 332 2803 Invisibilem
344 2747 486 2822 justorum
500 2755 528 2802 et
542 2746 697 2803 electorum
712 2746 874 2804 Ecclesiam
890 2746 1035 2804 adstruere
1053 2745 1165 2803 videtur
1180 2746 1239 2803 illis
1255 2765 1321 2823 pro·

117 2840 308 2916 positionibus
324 2840 426 2911 quibus
441 2848 604 2915 peccatores
619 2860 634 2896 a
650 2839 767 2897 Christo
782 2851 810 2897 et
824 2861 839 2896 a
851 2841 957 2916 populo
972 2841 1062 2898 electo
1074 2850 1197 2916 separat.
1214 2846 1226 2874 ⁸

156 2935 374 3010 Propositiones
389 2936 492 3008 quibus
508 2935 631 2993 studium
648 2936 856 3011 scripturarum
872 2936 1076 3003 commendat‚⁹
1091 2936 1232 2993 damnatae
1249 2946 1321 2993 sunt

117 3030 152 3086 ob
173 3049 302 3106 pravom
323 3030 453 3087 auctoris
474 3037 610 3097 mentem,
632 3031 813 3088 menifestum
830 3033 936 3108 quippe
956 3041 1015 3088 erat
1029 3050 1066 3087 ex
1088 3039 1148 3092 totu
1162 3031 1237 3088 libro
1251 3048 1318 3087 eum

120 3125 184 3182 ideo
201 3125 272 3181 velle
293 3133 324 3180 ut
347 3124 446 3181 fideles
472 3127 619 3198 utriusque
644 3145 733 3183 sexus
758 3138 787 3184 et
814 3128 908 3184 omnis
932 3126 995 3182 vitae
1019 3124 1190 3182 conditionis
1219 3124 1320 3181 seduli

118 3221 273 3297 Scripturis
288 3231 429 3287 vacarent,
445 3231 475 3276 ut
488 3241 504 3276 a
519 3222 669 3279 Pastorum
685 3241 872 3289 summorum,
887 3224 989 3295 quibus
1005 3221 1125 3278 docendi
1139 3232 1168 3277 et
1181 3222 1322 3296 pascendi

118 3333 222 3370 munus
244 3315 393 3371 sChristo
410 3313 608 3372 demandatum
631 3327 684 3382 est,
700 3315 905 3375 abducerentur
925 3317 1094 3383 obedientia,
1119 3327 1147 3373 et
1172 3318 1234 3374 suis
1261 3318 1321 3392 pla·

117 3408 355 3480 sitisquaerercnt
375 3407 509 3466 subsidia
553 3410 643 3487 Igitur
666 3411 811 3470 damnatas
836 3414 1047 3491 propositiones
1072 3429 1130 3469 non
1153 3413 1320 3471 censendus

152 3584 192 3648 (1)
212 3582 276 3631 Vnde
289 3583 361 3645 Prop.
375 3586 399 3641 2,
412 3585 435 3640 3,
447 3585 472 3641 4,
485 3585 508 3641 5,
521 3585 544 3641 6,
557 3587 580 3642 7,
593 3583 615 3634 8.

154 3671 183 3733 (2
217 3669 1224 3731 Prop.s‚10,1r‚1a‚13,14‚15,1c‚1r‚1a,19,20‚ur,22‚2³‚2t,25,³r.

151 3752 1084 3818 fflmffmmmmmmmmmmmmmmm

153 3838 183 3900 (4
217 3836 288 3899 Prop.
302 3838 323 3894 l,
336 3838 377 3893 38,
389 3838 429 3893 39,
443 3837 485 3893 40,
496 3837 538 3894 41,
549 3836 589 3895 42,
601 3839 642 3896 44,
654 3841 695 3897 45,
707 3841 749 3896 46,
760 3843 801 3899 47,
812 3843 854 3899 46,
937 3887 944 3896 ,

154 3919 873 3984 (rwmmmmmmmmmmm

155 4006 166 4066 (
212 4007 252 4063 60,
265 4006 355 4062 6162,
367 4006 556 4063 6³‚64,65,66,
569 4009 610 4054 67.

155 4090 167 4154 (
218 4089 290 4151 Prop.
300 4090 341 4147 68,
353 4090 394 4136 69.

130 4177 167 4236 ,(
217 4171 289 4235 Prop.
301 4174 342 4229 76,
355 4176 395 4230 77,
407 4175 448 4220 78.

155 4257 183 4321 (9
213 4258 285 4320 Prop.
302 4259 342 4317 79,
354 4260 395 4316 80,
407 4260 447 4317 81,
458 4263 500 4317 82,
517 4262 558 4319 83,
570 4259 611 4319 84,
623 4261 664 4318 85,
677 4261 719 4317 86,

43 4341 50 4352 ‘
79 4263 313 4414 .tltt.1³rop
317 4346 358 4404 87,
367 4346 408 4408 88,
420 4345 461 4399 69.

86 4610 239 4680 Α
319 4698 325 4713 .
