2744 5024
409 274 466 340 on
488 273 586 341 rrnrr
606 266 922 342 insumemus.
1148 280 1151 285 ’
1206 256 1304 379 eir,

274 766 416 857 CAPUT
437 765 505 828 Vll.
547 763 604 829 Du
626 766 723 830 mnu
744 769 1059 833 JUSTIFIGANTE.

291 958 383 1018 Suos.
398 960 423 1019 1.
444 959 492 1018 Du
508 979 631 1039 rmucrs
644 979 840 1021 ruccsronurt
854 982 1048 1023 nnurssrorurs.

876 1045 885 1067 Ι
948 1062 956 1073 .

104 1114 174 1169 22³.
195 1109 286 1170 Juxta
299 1100 498 1174 lutheranus:
520 1125 541 1152 “
551 1116 599 1174 illu
612 1116 684 1174 fides
698 1137 763 1189 quae
780 1118 928 1194 justificet,
941 1136 997 1177 non
1013 1128 1058 1177 est
1072 1128 1178 1177 tautum
1193 1120 1266 1178 noti-

74 1205 104 1263 tit
115 1206 254 1277 historie,
269 1210 319 1268 sed
334 1221 379 1269 est
392 1213 522 1271 assentiri
535 1214 720 1289 promissioni
733 1214 801 1283 Dei,
812 1231 872 1288 uun
885 1216 971 1290 gratis
987 1223 1102 1291 propter
1116 1213 1265 1276 Christum

71 1300 330 1366 offendentem
352 1319 544 1384 peccatorum,
559 1321 589 1368 et
603 1311 771 1387 justificatio
792 1322 836 1369 est
850 1312 922 1370 velle
943 1323 972 1371 et
993 1313 1122 1388 accipere
1142 1312 1265 1371 oblatam
1349 1326 1350 1331 ’

74 1401 289 1472 promissionem
306 1405 483 1463 remissionis
499 1416 689 1482 peccatorum,
705 1417 734 1463 et
746 1407 1024 1465 sanctificationis.'’¹
1046 1406 1133 1465 Haud
1148 1409 1264 1467 absimi-

71 1489 100 1550 lia
112 1495 199 1553 trudit
213 1496 372 1556 Calvinus:
395 1509 415 1537 “
426 1499 455 1557 N
458 1499 546 1568 unc,”
562 1500 665 1573 inquit,
681 1511 701 1538 “
709 1502 788 1576 justa
801 1502 869 1560 fidei
880 1501 1007 1578 definitio
1019 1502 1101 1561 nobis
1114 1504 1264 1570 constabit,
1280 1567 1288 1572 ,

69 1587 232 1649 ideamus
258 1610 323 1649 esse
345 1593 448 1652 divine
463 1613 530 1671 erga
551 1614 603 1653 noe
625 1597 831 1654 benevolentius
846 1597 957 1655 firmem
980 1608 1143 1669 certamque
1164 1597 1263 1672 cogni·

68 1681 180 1753 bueus,
197 1704 261 1758 que
275 1689 402 1764 gratuite
425 1690 456 1746 in
471 1688 588 1748 Christo
611 1692 812 1766 promissionis
834 1691 949 1749 ueritate
970 1691 1094 1758 lundata,
1109 1710 1160 1766 per
1175 1691 1265 1766 Spiri-

65 1783 120 1837 tum
136 1780 277 1842 Sanctum
290 1792 319 1839 et
338 1785 478 1842 revelatur
499 1786 642 1843 mentibus
663 1786 778 1852 nostris,
794 1794 823 1842 et
841 1785 1054 1861 obsignatum
1081 1784 1205 1842 -Esdem
1225 1803 1264 1843 ex
1339 1787 1344 1795 '

61 1880 207 1930 sectarum
222 1874 449 1935 confessionibus
464 1877 681 1954 colliguntur.”⁸
709 1877 811 1936 Fidem
825 1878 911 1954 igitur
924 1875 1163 1954 promissionum
1177 1897 1193 1934 a
1206 1877 1263 1935 tide

54 1960 216 2035 historico,
232 1988 317 2043 quam
332 1972 439 2040 dicunt,
456 1973 673 2051 distinguentes,
689 1975 766 2032 illum
781 1973 940 2050 presertim
952 1974 1070 2047 requiri,
1082 1983 1113 2030 ut
1126 1975 1190 2046 quis
1202 1974 1264 2049 jus·

54 2060 197 2132 tilicetur,
211 2065 318 2124 dicunt.
360 2067 462 2127 Amici
486 2079 538 2128 'seu
563 2068 703 2140 Quulseri,
725 2070 844 2146 Spiritui
865 2070 942 2150 intus
966 2068 1094 2141 loquenti
1115 2065 1263 2126 credentes

37 2155 213 2230 justificari
227 2163 378 2232 affirmant,
393 2165 460 2224 licet
472 2166 602 2243 ignorare
616 2166 767 2242 contigerit
780 2165 937 2225 historiam
951 2165 987 2223 de
1008 2165 1118 2224 Cirristi
1132 2163 1262 2240 redemp·
1295 2157 1300 2166 ’

45 2255 150 2325 tione,
165 2275 231 2331 que
245 2269 340 2319 umen
354 2261 459 2319 mentis
474 2280 595 2320 aeneum
608 2261 781 2339 excipienda
800 2267 854 2328 est,
869 2260 1107 2335 quandocumque
1122 2277 1157 2318 ee
1176 2259 1266 2317 luerit

40 2348 212 2423 declarata,
228 2364 289 2414 ecu‘
303 2358 506 2435 promulgate*
546 2359 665 2417 sectarii
685 2359 814 2435 plerique
841 2359 871 2417 in
894 2359 940 2416 his
960 2358 1125 2435 regionibus
1147 2357 1176 2415 in
1197 2374 1260 2415 eum

39 2448 128 2508 fidei
142 2450 292 2510 uodonem
306 2452 489 2522 conveniunt,
505 2454 659 2513 sententies
673 2456 765 2513 varias
778 2455 814 2512 de
829 2454 959 2530 plurimis
973 2453 1108 2512 doctrine
1121 2453 1260 2529 capitibus

39 2540 138 2604 haud
151 2546 265 2605 obstare
276 2547 404 2623 justitie,
420 2559 450 2607 et
472 2550 556 2608 saluti
571 2559 731 2618 censentes,
743 2549 899 2608 dummodo
913 2547 989 2606 certd
1004 2549 1069 2620 quis
1091 2563 1260 2622 persuasum

39 2636 164 2698 liabent
177 2641 233 2695 subi
247 2637 357 2698 Christi
370 2639 471 2697 merita
484 2638 519 2696 ad
536 2637 676 2715 justitiam
690 2626 833 2713 imputari.
875 2628 1017 2694 Catholici
1032 2653 1048 2692 e
1062 2644 1159 2692 contra
1172 2633 1260 2692 fidem

44 2754 117 2810 qus
131 2735 306 2794 assentimur
319 2737 453 2797 omnibus
467 2754 532 2808 que
546 2727 632 2793 Densi
641 2733 788 2800 revelavit,
803 2733 837 2790 ad
848 2732 1083 2808 justificationem
1098 2748 1151 2788 nos
1163 2729 1261 2805 dispo·

46 2849 129 2892 uere
142 2840 252 2899 teuent,
266 2832 439 2909 rejicientes,
454 2832 542 2890 veluti
556 2831 744 2898 temerariam,
758 2840 788 2888 et
807 2828 1039 2906 presumptionis
1054 2827 1180 2902 menum,
1195 2843 1259 2884 eam

49 2937 169 2986 certem
188 2927 322 2986 fiduciam
344 2946 401 3000 qun
422 2928 487 3000 quie
507 2946 539 2986 se
556 2928 707 3004 justificari
727 2927 826 2984 credit.
868 2924 1034 2982 Concilium
1055 2921 1257 2980 Tridentinum
1302 2980 1305 2984 ,

56 3021 210 3080 definivit:
243 3023 305 3082 “Si
326 3023 391 3095 quis
416 3021 529 3090 dixerit,
544 3023 631 3081 fidem
649 3023 854 3098 justificantem
877 3019 950 3077 nihil
972 3018 1049 3077 aliud
1072 3035 1149 3085 esse,
1171 3034 1257 3089 quam
1294 3016 1301 3028 “

58 3116 196 3175 fiduciam
207 3116 310 3176 divine
322 3116 523 3185 misericordie
537 3128 654 3194 peccatu
664 3118 831 3176 remittentis
846 3124 960 3193 propter
969 3115 1128 3181 Christum,
1138 3114 1183 3172 vel
1193 3131 1257 3171 earn

57 3215 202 3290 justitium
221 3215 312 3273 solnm
333 3234 399 3273 esse
419 3234 477 3288 que
492 3215 701 3292 justificamur;
725 3215 875 3273 anathema
898 3213 980 3272 sit.”⁸
1020 3213 1199 3271 catholicum
1223 3209 1259 3267 de

57 3311 264 3394 justificatione
274 3310 430 3370 doctrinam
441 3311 601 3389 Evangelio
610 3314 691 3371 facile
701 3313 845 3371 conciliari
855 3322 1012 3389 agnoscunt
1021 3307 1229 3371 oxonienses*

96 3504 135 3566 (l)
152 3503 275 3566 Apologia
287 3502 473 3565 Goniesmlug.
485 3510 528 3554 nrt
539 3508 564 3552 2.
580 3503 611 3552 de
623 3502 701 3567 justil.

95 3585 133 3647 (2)
151 3585 388 3638 Iusti-iiicii.n.
401 3589 424 3636 7.

99 3672 138 3728 (³)
153 3675 171 3700 ‘⁶
180 3669 221 3733 By
238 3670 288 3720 this
303 3671 398 3731 scithe
415 3669 541 3720 Christian
557 3669 675 3720 believeth
687 3675 712 3718 to
723 3670 753 3716 be
769 3673 830 3726 true,
843 3665 992 3716 whetsoever
1009 3665 1032 3713 ie
1047 3663 1157 3730 revealed
1172 3663 1199 3713 in
1218 3662 1261 3713 the

63 3753 128 3802 word
129 3787 236 3814 .....
252 3756 296 3805 but
304 3755 346 3805 the
356 3755 475 3820 prirrcipel
486 3762 537 3805 ecte
545 3754 574 3804 ot⁴
586 3753 673 3815 suving
684 3752 752 3810 seith,
770 3767 810 3800 ere
821 3751 955 3814 ccoepting,
965 3750 1095 3813 receiving,
1106 3750 1155 3800 eud
1165 3749 1262 3810 restiugv

64 3829 130 3901 upon
140 3835 223 3887 Christ
234 3837 304 3888 clune
315 3839 351 3891 lor
363 3839 533 3904 justificetion,
544 3838 728 3896 sencdficetion,
738 3835 787 3885 end
798 3835 889 3885 eternsl
897 3834 945 3894 lile,
956 3836 989 3897 by
1000 3834 1078 3884 virtue
1089 3835 1118 3884 of
1129 3834 1172 3884 the
1188 3847 1258 3882 core·
1346 3870 1350 3879 .

63 3928 123 3973 nent
133 3921 163 3971 uf
174 3924 269 3986 μω
303 3924 403 3988 Presby.
415 3923 575 3974 consuescit.
585 3923 636 3973 xix.
644 3927 669 3971 2.

96 4009 136 4070 (4)
152 4007 227 4058 “We
240 4008 272 4058 do
292 4011 343 4060 eleo
360 4009 452 4061 believe
471 4010 554 4061 thetis
570 4009 649 4060 lethe
665 4008 726 4072 duty
736 4007 765 4056 oi
777 4021 849 4070 every
860 4021 908 4055 one
925 4011 950 4054 tu
960 4002 1052 4053 believe
1067 4001 1088 4052 it
1102 4008 1129 4052 to
1140 3999 1259 4051 whomtit
1329 4024 1333 4031 ¹

10 4149 14 4151 r
67 4091 157 4154 pleneus
168 4092 226 4143 Gon
236 4101 263 4144 to
272 4097 352 4145 musal
363 4095 405 4145 the
415 4095 543 4155 samseud
552 4102 579 4144 to
589 4094 660 4156 bring
671 4100 696 4143 to
706 4092 774 4142 them
784 4091 825 4142 the
835 4090 980 4151 knowledge
991 4088 1055 4148 oiit3
1065 4102 1112 4151 yee
1122 4084 1259 4137 webeliere

68 4174 157 4228 ltwere
174 4178 306 4231 damnabis
324 4179 442 4248 subedies
452 4187 532 4230 notto
550 4180 640 4230 believe
658 4179 760 4229 itwhen
779 4193 807 4227 so
826 4175 958 4226 declared’'
993 4171 1118 4239 Bercley’s
1137 4171 1260 4238 Apology,
1351 4162 1352 4169 ¹

70 4261 137 4330 Prop
148 4281 171 4314 v.
183 4265 276 4331 andri.
286 4271 300 4325 ς
312 4281 353 4315 xv.

98 4351 135 4413 (5)
153 4349 220 4401 Sese.
231 4349 392 4400 viGeu.xii.
845 4406 848 4411 Ι
1311 4396 1317 4400 ,

98 4435 135 4493 (u)
152 4434 280 4496 Allowing
290 4435 352 4484 such
369 4434 538 4500 explanatione
556 4431 601 4500 (os
610 4430 652 4484 tlte
667 4435 738 4484 cenet
754 4429 877 4496 meaning
887 4427 1001 4480 attached
1009 4433 1036 4480 te
1050 4423 1151 4490 werde)
1170 4420 1206 4474 “1
1217 4428 1262 4477 ent

67 4509 169 4570 inclined
179 4524 206 4569 te
216 4518 308 4568 beliem
324 4519 377 4568 thet
393 4519 461 4568 there
471 4518 493 4567 ie
503 4518 608 4579 nothing
617 4519 644 4569 in
655 4517 697 4567 the
713 4517 857 4568 Tridentino
873 4521 1015 4566 stemmsnte
1024 4511 1107 4566 which
1123 4517 1215 4566 sumt
1228 4511 1259 4561 be
