2730 5018
115 39 334 159 ..ΝΜ
383 48 398 69 ’

67 162 115 211 ἣν

17 224 68 393 Ι(
114 226 175 281 too
431 224 489 285 DE
510 224 682 286 CHRISTI
702 222 989 287 anommonn.

17 398 20 415 ¹
88 446 92 453 ,
114 402 198 450 mus;
220 397 278 439 uon
292 381 371 441 euim
382 382 475 451 illam,
491 400 544 441 ceu
559 382 665 441 undam
680 396 794 443 caruem
815 383 977 449 adoramus,
991 378 1044 439 sed
1062 376 1155 437 veluti
1174 370 1321 435 diuinitati

83 480 90 557 J
113 481 233 545 unitam,
257 480 376 553 etquis
399 478 462 537 due
485 479 578 555 ipsius
603 489 709 537 nature
730 476 766 537 sd
787 496 874 537 uuam
902 478 960 537 Dei
985 476 1073 535 Verbi
1096 469 1259 553 peronem
1278 486 1321 527 rs·
1356 488 1359 531 2

80 566 87 635 i
113 577 263 643 ducuntur,
290 594 434 649 unumque
458 576 682 635 subsistentiam.
723 574 886 635 Carbonem
913 584 1028 652 tangere
1055 574 1094 633 ob
1120 560 1225 649 ipnem
1252 584 1328 659 ⁰⁰²1,

113 673 192 749 liguo
208 674 392 748 conjunctum
407 690 516 731 vereor.
540 672 649 733 Ambus
663 671 773 731 Christi
787 682 901 731 naturas
915 672 952 730 ob
967 671 1074 729 uuitam
1089 668 1172 727 carni
1185 662 1324 725 diviuiu'

74 848 79 878 Ι
114 780 171 829 tem
192 769 324 829 adoro.”¹
1275 820 1278 825 .
1338 808 1359 927 ί

43 940 48 955 ’
74 880 88 956 i
507 958 706 1001 cmscrmrtrs
730 958 914 1001 sorvunuurt.

154 1103 224 1155 225.
249 1097 316 1177 obj.
334 1102 360 1157 l.
384 1100 518 1157 llumana
540 1097 651 1155 Christi
675 1108 772 1157 natura
793 1116 852 1156 uon
874 1096 981 1157 desinit
999 1115 1064 1157 esse
1085 1103 1230 1159 creatura,
1251 1090 1322 1151 lieet

114 1194 211 1253 Verbo
225 1194 404 1271 hypostatice
425 1196 593 1271 conjuncta:
616 1203 753 1253 creaturae
772 1200 868 1251 autem
888 1211 1054 1271 supremum
1078 1192 1192 1250 cultum
1208 1187 1321 1247 deferre

114 1290 194 1348 nefas
208 1301 261 1347 est.

152 1388 222 1442 226.
242 1383 333 1463 Resp.
354 1386 410 1445 Est
423 1385 537 1460 quidem
559 1384 684 1444 humana
698 1385 812 1444 Christi
835 1396 935 1445 natura
954 1402 1001 1445 res
1020 1394 1124 1452 creata,
1149 1382 1205 1441 sed
1226 1398 1319 1455 quum
1340 1450 1347 1471 Ι

114 1480 249 1540 divinitus
262 1482 406 1551 subsistat,
422 1484 471 1556 qui
485 1482 512 1540 ei
526 1482 656 1540 tribuitur
668 1482 761 1540 cultus
775 1484 805 1541 iu
820 1480 946 1543 divinem
960 1498 1112 1559 personam
1128 1498 1189 1554 qua
1210 1478 1321 1555 regitur
1351 1462 1359 1572 ΙΙ

27 1580 37 1599 “
114 1574 221 1643 teudit;
243 1575 366 1649 ideoque
380 1578 459 1638 nullo
473 1579 560 1637 modo
573 1578 691 1655 derogat
710 1580 813 1638 honori
828 1580 935 1637 divino.
1335 1560 1359 1653 ‘t

21 1752 30 1775 ,
152 1676 222 1730 227.
247 1671 314 1750 obj.
335 1678 365 1730 2.
387 1672 491 1732 Cultus
506 1675 590 1751 igitur
605 1675 737 1733 humanae
753 1674 862 1733 Christi
885 1684 990 1733 naturae
1004 1673 1148 1751 praestitus
1170 1669 1319 1731 relutivm
1353 1710 1359 1741 ,

17 1776 36 1822 “,
113 1774 167 1821 est.
1357 1773 1359 1789 '

153 1864 223 1917 228.
245 1860 335 1939 Rcsp.
358 1862 523 1921 Absolutus
537 1875 582 1921 est
602 1865 694 1921 cultus
709 1865 760 1939 qui
773 1865 905 1923 humanae
921 1863 1030 1921 Christi
1044 1873 1152 1921 naturae
1174 1862 1326 1931 redditur,
1344 1799 1359 1935 i

17 1944 33 2041 J
113 1959 142 2015 iu
157 1958 254 2033 seipsa
267 1961 355 2027 enim,
371 1962 501 2033 quamvis
515 1980 572 2020 nou
584 1972 700 2038 propter
713 1980 755 2027 se,
770 1962 821 2019 sed
833 1970 947 2038 propter
958 1961 1084 2019 divinam
1096 1960 1318 2019 subsistentiam

18 2074 36 2118 ,·
113 2054 223 2113 colitur.
1335 1970 1359 2155 i

151 2156 222 2210 229.
248 2151 314 2231 otj.
331 2158 359 2211 3.
383 2153 512 2230 Cyrillus
537 2153 747 2213 Alexandrinus
772 2154 856 2213 tradit
882 2154 992 2212 “nefas
1017 2142 1089 2215 esse¹
1104 2154 1258 2213 homiuem
1274 2172 1317 2211 as·

20 2248 37 2319 Ἰ
87 2285 93 2319 ,
114 2260 261 2325 sumptum
276 2250 427 2309 coadorare
442 2270 506 2309 cum
523 2252 587 2309 Deo
601 2251 745 2309 Verbo.’‘⁹
1348 2244 1359 2313 i

151 2350 219 2401 230.
241 2346 329 2423 Resp.
353 2347 424 2414 Qum
438 2360 535 2405 contra
556 2347 723 2406 Nestorium
745 2348 861 2424 protulit
878 2347 1018 2423 cyrillus,
1040 2348 1226 2425 intelligenda
1248 2360 1316 2407 sunt

29 2490 32 2495 .
112 2441 271 2517 praeoculis
285 2441 383 2499 habito
404 2441 533 2498 Nestorii
547 2462 651 2501 errore.
694 2444 791 2511 Quum
805 2443 852 2500 hic
876 2442 1023 2501 homiuem
1045 2442 1154 2501 diceret
1175 2463 1191 2501 a
1215 2442 1315 2502 Verbo

103 2536 286 2604 distinctum,
298 2546 326 2593 et
341 2538 483 2595 moraliter
497 2548 604 2595 tautum
626 2539 821 2615 conjunctum,
835 2538 915 2597 nesae
937 2537 1053 2611 quidem
1073 2539 1147 2597 foret
1166 2556 1236 2597 eum
1258 2538 1316 2599 nei

114 2632 203 2690 Verbi
218 2633 389 2689 adorationis
405 2634 571 2709 participem
586 2634 688 2691 facere.
733 2635 796 2690 “Si
812 2635 876 2707 quis
891 2634 976 2691 audet
989 2633 1084 2691 dicere
1104 2634 1257 2693 hominem
1271 2654 1316 2692 as·

34 2758 37 2763 ·
111 2738 256 2801 sumptum
278 2725 423 2784 coadorari
447 2747 512 2785 cum
538 2729 602 2785 Deo
626 2729 732 2794 Verbo,
756 2739 784 2785 et
804 2729 1018 2804 connuncupari
1044 2728 1140 2787 Deum
1164 2740 1316 2803 tamquam

111 2826 230 2881 elterum
244 2844 309 2881 cunr
324 2824 425 2895 alter03
440 2826 561 2901 adjectio
576 2828 652 2884 enim
666 2846 706 2879 συν
721 2828 821 2904 (cunt)
837 2827 954 2902 syllabae
970 2826 1025 2883 hoc
1040 2828 1115 2903 cogit
1129 2827 1253 2905 intelligi
1264 2848 1274 2893 ς
1286 2840 1317 2887 et

111 2940 168 2979 nou
183 2922 274 2997 magis
290 2940 345 2978 una
358 2923 515 2979 reverentia
529 2933 676 2979 veneratur
687 2922 870 2988 Emmanuel,
886 2939 1008 2994 namque
1028 2922 1055 2978 ei
1076 2923 1317 2998 glorificationem
1341 2934 1352 2977 t

112 3016 256 3093 dependit,
275 3018 358 3092 juxta
373 3016 448 3089 quud
465 3017 590 3074 Verbum
606 3037 671 3074 caro
685 3018 790 3075 laetum
805 3027 865 3084 est;
882 3017 1031 3074 anathema
1045 3016 1129 3073 sit.”³

408 3190 627 3231 snlnnnvuttsm
642 3192 680 3230 DE
696 3192 793 3231 CULTU
810 3192 917 3231 connis
928 3190 1014 3255 ‘JESIL
1336 3108 1359 3231 ς

151 3333 220 3387 231.
244 3329 291 3386 Ex
307 3329 351 3386 his
366 3347 429 3401 que
445 3328 479 3386 de
495 3330 619 3387 humana
640 3330 750 3386 Christi
771 3339 869 3387 natura
890 3329 1011 3387 colenda
1030 3329 1167 3399 diximus,
1181 3334 1316 3407 sequitur

112 3426 160 3501 pie
175 3434 329 3497 sancteque
342 3442 393 3483 cor
404 3424 477 3483 Jesu
492 3426 558 3490 coli,
574 3441 657 3502 prout
671 3437 715 3482 est
727 3434 745 3461 ‘⁴
756 3441 806 3483 eor
819 3442 949 3500 personae
965 3426 1064 3496 Verbi,
1078 3429 1124 3485 cui
1139 3428 1317 3504 inseparabi-

112 3522 175 3579 liter
189 3522 298 3579 unitum
313 3520 405 3579 est.”⁴
444 3522 563 3580 Accedit
577 3523 653 3596 quod
664 3522 828 3598 symbolum
840 3532 884 3580 est
897 3520 1056 3580 dilectionis
1069 3524 1144 3581 illius
1160 3526 1315 3602 praecipuae

112 3636 170 3690 qua
184 3618 360 3694 Redemptor
373 3619 528 3677 humanum
544 3620 711 3694 complexus
727 3627 770 3675 est
790 3635 891 3695 genus,
905 3626 935 3675 et
947 3617 1113 3677 humilitatis
1128 3633 1157 3677 et
1177 3640 1313 3681 mansue·
1354 3654 1359 3684 t

113 3711 231 3780 tudinis,
247 3732 332 3786 quam
349 3715 411 3789 ipse
427 3715 507 3773 uobis
522 3715 687 3773 imitandam
703 3714 870 3792 proposuit:
894 3713 1036 3772 “Discite
1050 3735 1067 3771 a
1081 3735 1137 3785 nte,
1152 3718 1221 3790 quia
1235 3718 1316 3779 mitis

113 3827 177 3865 sum
193 3820 221 3865 et
234 3810 350 3868 humilis
366 3805 499 3869 corde.'’⁵
540 3813 669 3888 Septimo
684 3812 796 3871 decimo
811 3819 934 3870 exeunte
948 3812 1054 3870 saeculo
1076 3813 1178 3872 festum
1193 3817 1317 3873 sanetis-

113 3904 180 3962 eimi
197 3904 290 3963 cordis
305 3906 376 3964 Jesu
391 3908 478 3984 coepit
492 3909 637 3975 celebrari,
652 3908 727 3965 unde
742 3909 872 3984 plurimae
884 3916 974 3965 enatae
989 3923 1056 3967 sunt
1071 3912 1167 3969 turbae.
1190 3911 1230 3968 Ei
1245 3912 1317 3970 favit

213 4066 251 4122 (l)
269 4059 324 4108 Lib.
334 4060 369 4109 iii.
380 4062 410 4109 de
423 4063 470 4110 fide
483 4065 618 4112 orthodoxa
627 4080 648 4112 c.
661 4063 711 4111 viii.

213 4148 249 4208 (2)
267 4144 478 4196 Ansthematismo
491 4148 539 4197 viii.

214 4232 253 4295 (3)
274 4229 373 4278 Ibidem.

214 4317 251 4377 (4)
270 4312 374 4363 Constit.
385 4313 424 4363 Pii
435 4314 478 4363 VI.
491 4315 622 4363 Auctorem
635 4313 710 4364 Fidei
721 4313 752 4363 cd
763 4329 830 4380 prop.
848 4314 906 4366 lxiii
919 4318 1018 4381 Synodi
1034 4318 1196 4370 Pistorisusis

217 4404 252 4461 ·5)
271 4402 341 4450 Matr.
353 4400 386 4450 xi.
398 4402 438 4450 29.
