2730 5018
422 830 812 969 ansouldus
840 885 945 968 vir.

230 1275 358 1396 uu
414 1275 1131 1432 nauumuuoua.

510 1614 831 1634 ...ιιι-Μ*

341 1888 343 1892 ,
475 1790 895 1899 ehmuounuon.

123 2020 153 2073 l.
176 2015 264 2073 Plura
277 2014 312 2072 de
328 2015 438 2073 Meseia
452 2013 618 2072 tradidimus
632 2014 659 2072 in
675 2022 792 2072 tractatu
807 2013 842 2072 dc
855 2012 1054 2083 Revelatiorte,
1070 2015 1173 2087 quibus
1194 2015 1285 2074 multa

77 2110 242 2187 adjecimus
257 2110 292 2168 de
308 2111 425 2168 Christo
441 2110 505 2166 Deo
520 2109 711 2167 disserentes:
734 2121 857 2168 attamen
880 2110 962 2186 plura
982 2120 1135 2186 supersunt
1154 2111 1284 2180 dicenda,

77 2217 193 2278 utquae
207 2207 236 2263 in
256 2206 407 2263 hominum
428 2206 548 2262 salutem
567 2205 699 2287 perfecit,
721 2204 923 2280 intelligantur,
965 2204 1043 2262 Eum
1065 2205 1242 2263 salvatorem
1257 2215 1287 2263 et

80 2300 320 2376 Redemptorem,
336 2302 385 2373 qui
400 2320 490 2377 genus
505 2301 662 2358 humanum
686 2300 801 2357 interitu
821 2299 960 2368 liberavit,
976 2299 1132 2357 christiana
1155 2301 1286 2377 agnoscit

81 2395 227 2465 Ecclesia,
243 2407 391 2472 peccatum
414 2416 466 2454 sua
483 2408 572 2454 morte
592 2397 783 2472 expiatumet
804 2395 929 2453 deletum
952 2394 1126 2472 praedicans:
1149 2416 1284 2469 eumque,

77 2494 117 2551 ab
132 2494 216 2551 initio
237 2493 415 2570 preadictum,
432 2493 487 2551 lide
509 2505 537 2551 et
556 2512 609 2570 spe
629 2505 772 2574 quotquot
785 2493 918 2550 rixemnt
938 2493 1011 2568 justi
1031 2482 1180 2568 amplexos
1196 2494 1285 2551 fuisse

77 2589 177 2648 docet.
219 2581 536 2658 Rationalistaeautem,
552 2591 601 2663 qui
624 2590 750 2666 plerique
772 2589 963 2665 prophetiam,
979 2599 1008 2646 et
1028 2599 1117 2647 totum
1140 2590 1284 2668 lledcmp·

82 2688 171 2744 donis
186 2687 355 2762 mysterium
369 2667 535 2753 assibilant,
551 2687 656 2744 nullam
678 2684 843 2762 hujusmodi
858 2703 940 2760 spem
962 2685 1103 2741 veteribus
1119 2676 1284 2742 hominibus

80 2785 174 2842 fuisse
188 2784 375 2842 contendunt.
417 2785 490 2842 Sunt
503 2785 551 2857 qui
567 2784 664 2842 dicunt
679 2784 753 2860 apud
775 2782 892 2840 Judaeos
913 2793 980 2858 post
1001 2783 1113 2860 imperii
1134 2782 1284 2840 Israelitici

39 2863 44 2871 ⁵
80 2883 114 2939 in
130 2881 187 2939 duo
202 2899 289 2957 regna
302 2880 484 2948 divisionem,
507 2894 536 2939 et
550 2882 639 2938 varias
651 2880 759 2948 clades,
779 2889 868 2938 ortam
884 2898 948 2937 esse
962 2880 1128 2957 opinionem
1143 2873 1284 2955 spemque

82 2977 121 3035 de
136 2965 297 3038 theoct-stiae
312 2979 508 3044 instauratore,
523 2978 639 3054 egregio
655 2976 750 3048 aliquo
763 2995 780 3034 e
796 2976 914 3035 Davidis
929 2977 1029 3052 stirpe,
1047 2979 1097 3049 qui
1111 2997 1199 3055 regno
1214 2976 1285 3033 anti·

83 3093 174 3146 quum
200 3075 361 3132 restitueret
381 3071 573 3149 splendorem,
596 3072 726 3130 oriundo.
769 3072 913 3131 Caeterum
935 3061 1040 3149 negant
1059 3092 1126 3132 eum
1148 3076 1283 3137 divinitus

49 3249 53 3257 ι
88 3171 273 3247 promissum,
289 3171 334 3228 vel
347 3171 378 3228 in
391 3171 512 3228 salutern
524 3169 672 3228 hominum
689 3172 822 3228 missum.
843 3169 936 3230 Judaei
951 3170 1079 3247 plerique
1094 3185 1285 3253 eumdempa-

88 3267 171 3332 salcm
187 3265 292 3325 ducem
305 3275 334 3324 et
353 3266 542 3332 liberatorem,
556 3265 642 3323 etiam
657 3265 766 3323 Christi
779 3267 797 3324 J
799 3284 850 3322 esu
872 3275 1010 3342 tempore,
1025 3277 1175 3329 venturum
1189 3290 1284 3348 spera·

91 3363 162 3429 bant,
178 3363 249 3434 quin
274 3361 309 3420 de
334 3361 528 3438 spiritualibus
550 3362 631 3423 bonis
653 3362 723 3418 satis
743 3362 908 3438 cogitarent.
949 3362 1083 3421 Attamen
1108 3384 1166 3423 non
1189 3368 1283 3424 omnis

92 3456 188 3514 horum
203 3458 283 3516 notio
296 3459 458 3526 evanuerat,
473 3477 539 3516 narn
560 3457 635 3534 apud
657 3457 849 3517 Samaritanos
863 3458 943 3532 ipsos
966 3459 1161 3518 Pentateucho
1174 3470 1283 3522 tantum

92 3563 209 3622 utentes,
231 3556 433 3630 expectabatur
453 3555 541 3619 totius
562 3554 687 3612 veritatis
710 3554 855 3631 magister,
880 3555 940 3612 imo
960 3563 989 3612 et
1009 3554 1108 3611 mundi
1129 3556 1284 3616 Salvator.²

91 3651 179 3726 Spem
194 3660 289 3710 autem
302 3653 412 3723 venturi
422 3638 539 3717 Μειδία
551 3651 681 3722 foverunt
691 3661 853 3709 constanter
865 3651 884 3709 J
887 3650 958 3709 udaei
970 3672 977 3709 ε
993 3671 1046 3710 nec
1057 3653 1114 3710 nisi
1125 3654 1282 3714 novissime

90 3746 190 3818 aliquis
205 3765 306 3804 corum
330 3730 452 3823 scriptor
465 3765 527 3805 eam
543 3748 655 3824 abjecit,
677 3747 712 3804 de
727 3747 863 3823 singulari
885 3748 979 3819 aliquo
996 3746 1068 3805 duce
1088 3756 1196 3824 negans
1218 3769 1283 3809 esse

87 3841 320 3919 missionem,
333 3841 385 3899 sed
399 3841 434 3899 de
448 3842 583 3900 libertatis
598 3841 758 3899 vindicibus
772 3840 924 3899 identidem
940 3841 1120 3901 suscitandis.
1143 3845 1172 3901 N
1174 3854 1283 3903 ostrum

87 3937 173 4014 igitur
187 3937 470 4015 est-Redemptorem
491 3938 641 3997 ostendere
665 3939 838 4014 promissum
858 3938 957 4006 luisse,
973 3938 1033 4010 qui,
1054 3938 1160 3998 diaboli
1180 3941 1281 4000 solutis

84 4033 233 4110 operibus,
250 4033 375 4101 seems
391 4034 536 4111 magister,
551 4050 580 4091 et
594 4035 693 4092 salutis
707 4034 766 4091 dux
780 4033 877 4109 generi
891 4032 964 4092 foret
976 4033 1111 4095 humano.

281 4132 308 4159 ἐ,

589 4295 630 4359 (1)
649 4294 722 4344 Joan.
732 4294 764 4344 iv·
774 4295 816 4343 42.

206 4373 285 4434 Vos.
297 4373 418 4435 11.-1a
