2744 5024
62 270 66 279 '
123 256 186 327 Μ
358 255 416 320 DE
436 256 578 319 BONUS
598 255 808 319 OPERIBUS
829 253 1109 319 sesclatluus.

9 441 17 455 ·
118 434 120 439 ·
165 418 234 481 ωδ.
260 412 358 490 otje.
379 412 535 490 Apostolus
558 412 692 488 praedixit
715 413 809 490 legem
823 413 975 485 aliquando
990 412 1208 484 ferendamque
1221 425 1323 467 carnes

124 518 294 575 rotarentur,
307 524 429 578 eamque
442 505 479 562 ad
492 505 653 565 damonem
668 515 810 565 auctorem
825 506 936 577 retulit:
954 507 1109 583 “Spiritus
1122 515 1220 562 autem
1235 503 1324 560 mani-

123 603 195 661 t'cste
209 602 287 668 dicit,
301 601 368 674 quia
381 601 411 658 in
425 600 590 659 novissimis
611 602 786 677 temporibus
807 600 954 660 discedent
967 601 1082 675 quidam
1104 620 1122 658 a
1143 599 1212 667 fide,
1235 588 1326 668 attan:

123 684 223 758 dentes
242 697 391 773 spiritibus
411 697 526 763 erroris,
547 709 576 754 et
595 696 731 755 doctrinis
754 697 972 764 demoniorum,
986 698 1018 755 in
1033 695 1183 772 hypocrisi
1203 694 1325 767 loquen-

123 795 193 852 tium
208 790 400 862 mendacium,
413 802 442 849 et
465 792 645 850 cauteriatam
658 793 822 851 habentium
836 810 918 850 suam
932 792 1151 858 conscientiam,
1165 789 1320 867 prohiben-

123 891 196 947 tium
216 887 334 954 nubere,
350 888 490 945 abstinere
504 906 522 944 a
534 887 617 955 cibis,
632 906 704 973 quos
729 887 810 946 Deus
831 888 937 945 creavit
957 886 992 945 ad
1016 885 1234 964 percipiendum
1256 901 1322 941 cunr

125 984 278 1064 gratiarum
292 985 414 1052 actione,
428 983 570 1050 fidelibus,
581 994 610 1041 et
623 983 660 1041 iis
673 984 723 1056 qui
737 985 1107 1060 cognoveruntseritatemr
1137 982 1216 1048 Quia
1228 979 1322 1039 omnis

123 1089 251 1138 creature
264 1077 321 1137 Dei
342 1079 417 1137 bona
428 1086 483 1144 cst,
498 1090 526 1135 et
547 1077 620 1135 nihil
633 1077 830 1153 rejiciendum,
846 1077 922 1151 quod
944 1096 1009 1137 cum
1032 1077 1186 1154 gratiarum
1211 1075 1321 1133 actione

123 1172 326 1252 percipitur.''¹

163 1273 232 1326 ⁶06.
253 1265 343 1342 Rerp.
384 1264 511 1322 Locutus
526 1273 570 1327 es‘t
584 1266 741 1342 Apostolus
756 1265 792 1323 de
807 1266 842 1323 iis
857 1266 909 1339 qui
922 1273 1050 1324 vetarent
1062 1283 1164 1323 carm
1177 1273 1320 1345 tamquam

122 1362 223 1420 amalo
238 1358 379 1435 principio
393 1371 511 1431 creatas,
524 1358 600 1430 quod
621 1360 714 1417 innuit
733 1377 833 1417 eorum
861 1359 1003 1418 doctrinas
1025 1357 1322 1433 demoniacasdssig·

122 1457 226 1524 nando,
242 1465 272 1514 et
284 1453 415 1513 docendo
430 1455 509 1512 cibos
525 1473 541 1511 a
562 1454 626 1517 Deo
641 1467 761 1523 creatos,
776 1465 805 1513 et
828 1475 944 1514 omnem
959 1468 1116 1514 creaturam
1138 1454 1196 1513 Dei
1218 1455 1321 1513 bonam

121 1569 198 1612 esse.
221 1559 240 1587 ‘⁴
254 1550 431 1608 Marcionem
446 1548 575 1625 designat
586 1558 615 1606 et
627 1549 804 1609 Tatianum”
816 1549 868 1630 (ita
879 1551 1078 1629 Hieronymus
1088 1549 1245 1609 Jorioiano
1253 1549 1323 1607 olim

124 1644 286 1722 respondit)
302 1651 322 1679 “
332 1653 361 1700 et
374 1653 491 1715 ceteros
506 1643 665 1711 hereticos,
677 1645 727 1717 qui
741 1646 941 1704 abstinentiam
954 1645 1085 1704 indicunt
1097 1659 1278 1722 perpetuam,
1288 1644 1322 1701 ad

125 1737 305 1805 destruenda,
320 1746 349 1795 et
367 1736 585 1807 contemnenda,
599 1749 628 1796 et
641 1739 831 1797 abominanda
850 1759 937 1817 opera
952 1739 1146 1799 creatoris.’'⁸
1185 1740 1324 1817 Augusti·
1339 1725 1344 1732 ⁵

124 1855 179 1897 nus
193 1838 279 1895 etiam
300 1833 432 1911 Apostoli
447 1836 531 1892 rerba
545 1836 588 1894 sic
602 1835 746 1912 explicat:
777 1845 796 1873 ‘⁴
809 1836 874 1894 Hos
889 1838 965 1895 enirn
981 1838 1094 1914 proprie
1116 1819 1256 1913 designat,
1272 1837 1323 1909 qui
1367 1904 1369 1910 .

122 1953 181 1994 non
208 1941 358 2011 propterea
380 1942 538 2008 temperant
558 1953 575 1989 a
597 1933 669 1990 cibis
692 1933 804 2001 talibus,
827 1943 859 1991 ut
879 1943 928 1992 aut
948 1934 1212 2010 concupiscentiam
1239 1951 1322 1990 suam
1344 1975 1349 1985 .

123 2031 284 2097 refrenent,
300 2039 348 2087 aut
362 2028 517 2086 infirmitati
529 2029 642 2086 alterius
655 2040 780 2104 parcant,
799 2030 851 2090 sed
864 2031 931 2102 quia
945 2032 1022 2106 ipsas
1037 2029 1136 2088 carnes
1157 2029 1323 2088 immundas

123 2136 234 2205 putant,
246 2135 276 2184 et
285 2143 381 2183 earum
393 2122 560 2182 Creatorem
575 2124 670 2182 Deum
684 2143 749 2184 esse
763 2127 913 2202 negant.”³
952 2121 1153 2185 Theodoretus
1167 2124 1321 2184 discrimen

122 2224 198 2281 inter
207 2210 425 2296 eorumplacita
439 2237 472 2276 ac
487 2219 630 2278 Ecclesiae
643 2219 736 2295 legem
751 2221 871 2278 feliciter
883 2221 1024 2297 explicat:
1041 2230 1060 2256 ‘⁶
1073 2222 1115 2279 Ab
1130 2239 1181 2278 esu
1193 2220 1322 2279 carnium

119 2326 148 2374 et
162 2316 196 2372 ab
210 2316 273 2372 aliis
294 2312 438 2390 ejusmodi
465 2314 675 2380 abstinentiam,
703 2334 760 2372 non
788 2316 919 2374 similiter
933 2336 966 2375 ac
991 2317 1118 2384 ,haeretici
1142 2315 1323 2392 amplectitur

123 2409 265 2469 Ecclesia·
307 2407 353 2463 Illi
367 2407 444 2464 enim
459 2407 495 2463 ab
515 2408 551 2464 iis
574 2419 716 2480 tamquam
741 2410 938 2470 abominandis
953 2409 1151 2469 abstinendum
1176 2428 1241 2468 esse
1256 2428 1322 2469 cen-

121 2514 207 2564 sent:
229 2501 364 2560 Ecclesia
377 2509 470 2557 autern
486 2500 558 2557 nihil
570 2500 671 2559 horum
686 2501 860 2560 decernit.”⁴

162 2605 230 2658 507.
256 2596 323 2674 obj.
346 2602 376 2653 7.
399 2596 555 2671 Apostolus
582 2608 677 2653 monet
691 2607 723 2653 ut
737 2617 752 2653 a
766 2599 965 2674 superstitioso
980 2595 1108 2656 ciborum
1133 2598 1255 2664 delectu,
1271 2599 1322 2672 qui

121 2695 301 2754 Judaismum
328 2691 411 2766 sapit,
427 2708 598 2748 caveamus:
621 2698 640 2726 ‘⁶
653 2692 749 2750 Nemo
771 2711 839 2768 ergo
865 2713 916 2750 vos
936 2694 1046 2770 judicet
1067 2696 1097 2752 in
1119 2695 1193 2760 cibo,
1218 2704 1268 2750 aut
1291 2695 1322 2751 in

122 2805 192 2870 potu
197 2830 328 2849 .....
354 2788 385 2870 Si
401 2807 469 2863 ergo
483 2789 585 2844 mortui
601 2791 668 2845 estis
684 2808 749 2870 curn
766 2789 882 2847 Christo
897 2792 931 2847 ab
946 2791 1093 2848 elementis
1108 2791 1193 2866 hujus
1208 2791 1321 2859 mundi,

123 2890 191 2964 quid
206 2889 299 2976 adhue
314 2897 456 2966 tamquam
472 2885 599 2941 viventes
616 2886 643 2942 in
657 2885 764 2944 mundo
778 2888 952 2944 decernitis?
994 2889 1041 2945 Ne
1056 2887 1213 2964 tetigeritis,
1224 2906 1321 2960 neque

122 2985 312 3063 gustaveritis,
329 2999 422 3053 neque
434 2984 684 3049 contrectaveritis,
707 3002 769 3055 quae
784 2996 850 3041 sunt
864 2986 960 3041 omnia
973 2985 1003 3041 in
1017 2986 1158 3042 interitum
1174 2985 1239 3059 ipso
1254 3003 1322 3050 usu,

123 3080 278 3139 secundum
294 3087 437 3153 praecepta
452 3087 479 3132 et
493 3076 634 3134 doctrinas
650 3078 806 3145 hominem,
823 3098 886 3152 quae
901 3091 967 3136 sunt
980 3081 1118 3138 rationem
1132 3080 1248 3152 quidem
1272 3079 1323 3136 ha-

122 3177 218 3234 bentia
233 3172 381 3249 sapientiae
407 3172 436 3227 in
454 3172 655 3246 superstitione
670 3185 698 3228 et
713 3173 880 3240 humilitate,
895 3185 923 3231 et
937 3193 994 3232 non
1009 3175 1044 3231 ad
1059 3173 1231 3251 parcendum
1259 3193 1323 3231 eor·
1344 3211 1346 3216 ·

122 3274 194 3349 pori,
210 3290 266 3328 non
282 3273 312 3325 in
326 3269 434 3323 honore
450 3268 545 3338 aliquo
557 3268 591 3323 ad
605 3270 777 3325 saturitatem
791 3271 931 3326 carnis.”⁵

161 3371 230 3424 508.
252 3363 342 3441 Resp.
359 3361 536 3420 Tertulliano
552 3364 713 3439 interprete,
730 3367 885 3441 Apostolus
902 3377 921 3404 ‘⁸
934 3378 1011 3425 taxat
1024 3386 1073 3425 eos
1088 3368 1136 3439 qui
1152 3385 1188 3424 err
1202 3368 1324 3426 visioni-

113 3465 173 3522 bus
191 3459 339 3538 angelieiS,
355 3456 437 3529 quasi
451 3455 486 3514 ds
501 3458 629 3534 angelica
643 3462 845 3535 superstitione
860 3461 1007 3528 docebant,
1028 3463 1111 3520 certis
1135 3462 1206 3518 cibis
1235 3463 1323 3520 absti-

121 3560 246 3621 nendum
261 3556 373 3616 esse.”⁶
394 3555 438 3612 De
452 3555 487 3611 iis
502 3557 550 3628 qui
573 3557 704 3631 judaicos
716 3558 786 3615 ritus
801 3559 960 3617 christianae
975 3558 1041 3617 fidei
1057 3560 1259 3636 adjungebant,
1276 3562 1322 3616 vel

121 3661 170 3734 qui
194 3659 273 3716 vanis
302 3653 492 3712 Ethnicorum
520 3653 663 3730 figmentis
689 3655 775 3714 fidem
803 3656 966 3729 cultumque
987 3658 1131 3724 vitiabant,
1156 3654 1322 3715 necessarid

117 3759 202 3832 juxta
216 3753 366 3810 verborum
381 3748 438 3805 vim
464 3748 664 3825 intelligendus
679 3761 732 3809 est.
774 3753 901 3810 Simonis
917 3753 993 3830 magi
1006 3762 1170 3820 sectatores,
1183 3765 1211 3810 et
1224 3754 1324 3812 caeoeri

122 3849 254 3908 Gnostici
285 3847 320 3904 iis
346 3844 433 3902 notati
456 3853 533 3900 sunt:
583 3845 681 3922 Longe
703 3848 737 3904 ab
763 3848 798 3904 iis
823 3848 918 3906 differt
946 3849 1089 3917 Ecclesia,
1115 3868 1179 3922 quae
1208 3850 1321 3907 nullum

120 3946 234 4005 damnat
247 3944 353 4008 eibum,
366 3957 420 3998 nec
434 3957 537 4016 corpus
552 3943 661 4017 spernit
673 3952 845 4017 tamquama
860 3944 935 4002 malo
945 3945 1260 4022 principioconditum,
1269 3947 1322 4003 sed

386 4073 427 4136 (l)
444 4071 534 4121 lTim.
546 4073 579 4121 iv,
594 4078 614 4122 l.

384 4161 420 4217 (2)
439 4155 468 4204 L.
487 4156 522 4205 11.
540 4158 594 4204 adv.
610 4158 692 4207 Jovin.

385 4240 425 4302 (3)
443 4238 498 4287 Lib.
508 4248 592 4290 eontra
609 4240 771 4290 Adimantum
787 4242 897 4292 Manioh.
914 4258 935 4293 c.
952 4243 1002 4292 xiv.

382 4324 422 4389 (4)
440 4322 470 4372 In
487 4323 544 4387 epit.
560 4322 635 4372 divin.
646 4325 732 4374 decret
749 4339 771 4374 c.
788 4325 818 4376 de
835 4326 921 4376 obstin.

384 4406 424 4470 (5)
443 4403 537 4457 coloss.
552 4406 578 4455 ii.
597 4408 636 4456 16.

287 4500 289 4503 ’
384 4491 424 4555 (6)
442 4490 472 4540 L.
490 4492 522 4542 V.
539 4497 624 4542 contra
641 4490 762 4543 Marcion.
779 4509 800 4542 a
817 4492 870 4542 xix.
