2744 5024
99 247 159 304 aes
317 244 375 308 un
397 242 521 307 nouis
542 241 751 306 occursus
771 225 1054 345 eremannos.

93 401 237 478 jejunium
251 402 389 460 curationi
409 402 547 478 proficere
562 399 786 479 peccatorum.”¹
826 400 916 460 Recte
936 397 1167 463 animadvertunt
1186 389 1298 453 Oxoni·

100 513 185 553 enses
199 496 298 572 culpas
312 496 511 555 nonnullorum
525 497 576 568 qui
586 497 719 574 jejunant
732 514 790 555 uon
804 494 901 553 tollere
910 494 1016 570 jejunii
1029 492 1192 550 utilitates.¹

140 595 209 650 407.
235 590 301 669 obj.
316 597 345 649 3.
369 591 503 650 Christus
513 592 603 667 jussit
622 602 654 650 ut
666 610 730 664 que
750 591 833 649 uobis
852 598 1033 666 apponuntur
1053 588 1143 645 libers
1171 579 1305 642 comeda·

101 702 186 751 mue:
209 693 229 721 ‘⁴
241 686 411 744 manducate
426 704 489 759 quae
503 698 686 762 apponuntur
699 676 827 744 robis.”'⁸

138 784 207 840 408.
228 781 318 860 Resp.
340 782 414 842 Hac
435 784 511 842 dicta
530 793 597 842 sunt
610 781 678 841 dum
694 784 869 841 mitterentur
879 779 1059 857 septuaginta
1073 774 1132 834 duo
1155 770 1303 848 discipuli,
1362 794 1365 809 ¹

100 877 204 950 quibus
218 896 337 954 regnum
349 879 412 955 ejus
426 879 660 937 annuntiantibus
668 878 758 955 jussit
772 876 906 936 Christus
921 884 952 932 ut
965 892 1028 947 que
1041 871 1098 931 illis
1112 869 1248 928 daremru
1274 867 1305 924 in

102 973 207 1031 rictum
221 973 310 1032 libere
324 976 496 1052 acciperent.
536 976 584 1034 Eo
598 977 654 1034 fine
680 975 756 1033 dicta
778 973 909 1035 sidentur
932 989 968 1034 ue
990 969 1152 1028 dubitarent
1164 985 1199 1023 ea
1212 963 1300 1041 gratis

101 1069 242 1146 accipere.
263 1070 307 1128 rel
322 1072 578 1130 circumcursareut
592 1072 704 1137 domos,
719 1069 753 1127 ad
774 1069 874 1145 epulas
888 1063 1100 1139 exquirendas:
1123 1072 1144 1100 “
1157 1060 1191 1119 In
1205 1058 1305 1118 eadem

102 1175 196 1222 antem
212 1165 297 1223 domo
311 1176 434 1232 manete,
448 1167 564 1224 edentes
578 1177 607 1224 et
620 1166 748 1223 bibentes
773 1182 837 1237 que
860 1161 935 1239 apud
949 1153 1014 1219 illos'
1029 1167 1113 1216 sunt:
1135 1156 1242 1232 dignus
1262 1162 1307 1211 est

101 1257 178 1315 enim
194 1259 339 1332 operarius
351 1259 482 1318 mercede
496 1278 558 1316 sos.
600 1259 699 1316 Nolito
713 1258 831 1315 transire
845 1255 881 1314 de
895 1255 982 1315 domo
996 1249 1203 1311 iudomum.'’⁴
1238 1247 1303 1305 Cre·

103 1360 194 1406 terum
219 1369 276 1408 non
290 1351 450 1409 censendus
464 1363 509 1409 est
523 1351 657 1409 Christus
678 1351 804 1410 voluisse
818 1362 850 1408 ut
862 1349 942 1408 cibos
966 1349 1030 1424 lege
1044 1345 1178 1404 Moesica
1202 1343 1305 1400 vetitos

102 1441 294 1509 comederent,
306 1445 332 1501 si
343 1445 414 1502 forte
428 1445 523 1517 aliqua
536 1454 764 1521 apponerentur:
784 1442 878 1519 legem
892 1443 969 1500 enim
985 1442 1048 1517 ipsa
1062 1446 1227 1497 constanter
1248 1452 1308 1492 ser·

104 1538 190 1594 ravit.
231 1536 321 1614 Igitur
334 1539 534 1616 intelligendus
546 1550 591 1598 est
604 1540 640 1597 ds
658 1540 730 1597 cibis
744 1539 850 1597 licitis:
873 1536 944 1596 nibil
959 1533 1080 1612 proinde
1094 1542 1193 1591 contra
1206 1531 1303 1607 legem

104 1631 140 1689 de
153 1633 265 1708 jejunio
280 1652 315 1691 eo
328 1634 385 1692 loci
399 1636 569 1693 continetur.

144 1731 213 1786 490.
238 1728 304 1808 ooj.
320 1736 348 1788 3.
375 1729 508 1788 Christus
523 1730 646 1789 dixitr‘
650 1731 742 1789 Non
755 1728 833 1803 quod
852 1729 937 1786 intrat
949 1728 980 1784 iu
1001 1745 1046 1793 os,
1060 1724 1231 1796 coinquinat
1251 1721 1304 1779 bo·

108 1822 228 1882 minem
230 1824 266 1860 ”⁵

145 1924 214 1977 000.
236 1919 326 1997 Resp.
349 1921 519 1980 Homonon
540 1922 702 1994 inquinatur
725 1921 860 1993 ciboque
875 1918 1009 1984 vescitur,
1030 1915 1082 1973 sed
1103 1880 1192 1991 prava
1206 1912 1309 1970 voluu-

106 2023 161 2070 tate
176 2032 233 2085 qua
244 2014 339 2090 legem
354 2015 448 2073 violat.
491 2017 533 2074 lta
546 2017 623 2074 enim
639 2015 731 2073 Adam
745 2014 850 2073 violato
864 2011 998 2071 mandato
1011 2028 1078 2068 reus
1093 2009 1187 2065 factus
1208 2015 1265 2071 est,
1280 2013 1310 2061 et

104 2126 155 2180 qur
147 2109 248 2165 'cibos
271 2109 451 2168 manducavit
465 2111 576 2178 vetitos,
590 2110 654 2186 lege
678 2109 810 2168 Mosaica
832 2108 944 2183 vigente
971 2103 1110 2180 peccavit.
1125 2102 1245 2160 8100101
1258 2116 1310 2171 (111Ι

106 2221 171 2262 sese
186 2205 275 2262 nimio
288 2215 356 2281 potu
371 2207 416 2265 vel
427 2208 491 2266 cibo
505 2207 678 2284 ingurgitant
692 2225 770 2264 nunc
783 2213 911 2281 peccant.
933 2202 1069 2260 Christus
1085 2208 1179 2257 autem
1195 2197 1311 2272 objecto

104 2298 170 2356 luco
179 2300 292 2374 negarit
300 2318 473 2373 quemquam
485 2302 638 2375 inquinari,
647 2320 683 2359 eo
694 2299 773 2373 quod
780 2299 912 2358 manibus
924 2297 1011 2372 illotis
1023 2292 1177 2354 manducet
1189 2311 1198 2349 r
1215 2299 1236 2327 ⁸⁶
1248 2306 1312 2347 non

105 2390 173 2449 lotis
187 2401 280 2449 autem
306 2395 438 2452 manibus
459 2395 639 2462 manducare,
655 2414 713 2453 non
735 2394 902 2466 coinquinat
918 2387 1122 2450 *homiuem.'’⁸
1161 2385 1312 2462 Agebatur

105 2483 216 2543 scilicet
228 2483 264 2542 de
277 2487 484 2547 cousuetudine
505 2488 618 2548 lavandi
642 2508 744 2548 manus
768 2498 832 2547 aute
857 2504 997 2558 mensam,
1012 2502 1098 2558 quam
1123 2478 1309 2562 adiscipulis

105 2579 264 2656 neglectam
279 2578 467 2654 querebantur
481 2585 629 2643 Pharisaei.

147 2680 214 2732 501.
242 2676 308 2754 obj.
330 2681 359 2734 4.
388 2680 543 2754 Apostolus
565 2681 678 2756 plenam
700 2682 797 2738 tribuit
823 2679 982 2738 facultatem
1004 2677 1082 2734 cibos
1104 2688 1309 2746 quoscumque

108 2770 214 2841 absque
233 2772 289 2827 ulla
303 2775 512 2831 couscientia·
499 2775 680 2832 solicitudine
692 2774 925 2833 manducandi:‘
930 2771 1042 2829 ‘Omne
1053 2768 1151 2841 quod
1144 2786 1173 2825 m
1183 2766 1309 2824 macello

108 2867 195 2929 venit,
213 2867 391 2935 manducate,
407 2869 500 2926 nihil
488 2881 699 2968 interrogantes
715 2881 830 2945 propter
844 2868 1047 2926 conscientem.
1050 2865 1085 2904 '⁹⁷

149 2969 216 3020 502.
238 2963 327 3040 Resp.
350 2965 449 3022 Voluit
463 2935 618 3041 Apostolus
633 2967 763 3023 fidelibus
779 2967 905 3022 eximere
925 2962 1089 3037 scrupulum
1112 2959 1147 3015 de
1172 2958 1310 3014 carnibus

108 3056 292 3114 comedendis
307 3076 372 3128 qure
388 3059 415 3116 iu
439 3061 558 3117 macello
579 3070 658 3116 erant
678 3060 802 3124 venales,
818 3059 863 3115 vel
885 3076 947 3128 quae
963 3058 991 3112 in
1012 3054 1152 3111 conviviis
1175 3068 1304 3125 appone-

108 3154 217 3209 bantur.
260 3154 355 3217 Quum
380 3156 485 3229 sapius
511 3157 689 3213 victimarum
713 3173 811 3212 carnes
835 3152 1031 3215 venderentur,
1055 3147 1251 3205 sacerdotibus
1266 3147 1313 3202 lu-

108 3265 186 3302 crum
202 3246 267 3302 inde
282 3249 481 3316 querentibus,
498 3249 624 3305 fidelium
645 3249 820 3304 conscientia
845 3249 1008 3323 augebatur,
1033 3262 1069 3300 ne
1094 3244 1189 3300 forsan
1204 3259 1312 3297 carues

108 3337 191 3393 idolis
207 3338 328 3392 fuissent
340 3339 458 3394 oblatae:
481 3340 533 3396 sed
547 3339 624 3397 hunc
635 3340 828 3415 spernendum
843 3341 1010 3416 scrupulum
1025 3337 1121 3395 docuit
1135 3336 1313 3412 Apostolus,

107 3430 251 3504 libereque
265 3433 400 3490 emendus
416 3445 445 3491 et
455 3436 666 3495 manducandas
682 3456 792 3505 carnes,
814 3438 869 3494 nisi
884 3436 1041 3494 constiterit
1051 3452 1100 3491 cas
1116 3432 1201 3488 idolis
1217 3432 1313 3488 fuisse

144 3625 185 3687 (l)
205 3623 234 3670 L.
247 3624 271 3671 ii.
283 3623 376 3674 Contra
387 3627 553 3677 Joviniauum.

143 3707 185 3770 (2)
206 3714 220 3736 “
230 3707 289 3754 Men
302 3724 357 3771 may
371 3710 434 3758 ‘fast
444 3711 481 3759 sor
492 3712 557 3759 strile
568 3712 616 3759 and
628 3718 653 3758 to
663 3711 734 3758 smite
745 3709 805 3758 with
817 3708 858 3758 the
876 3708 916 3756 fist
927 3708 955 3755 os
963 3704 1130 3762 wichadness:
1142 3722 1169 3752 as
1180 3704 1239 3767 they
1253 3718 1314 3767 may

107 3791 158 3838 also
180 3793 230 3838 ‘sor
240 3801 352 3852 pretence
363 3795 434 3843 multe
452 3795 510 3855 long
525 3794 638 3859 prayers’
649 3802 691 3857 yet
703 3810 759 3842 men
771 3793 822 3841 will
833 3800 883 3850 not,
895 3792 921 3840 in
932 3791 1037 3852 general,
1055 3789 1146 3839 'llbmll
1156 3796 1182 3837 ω
1193 3788 1314 3836 imm·

107 3874 193 3922 nieuoe
205 3875 252 3924 and
265 3877 391 3938 privation,
402 3887 488 3943 except
499 3880 535 3928 sor
547 3897 562 3929 e
572 3881 620 3929 real
629 3880 678 3928 and
689 3877 832 3927 substantia}
843 3877 937 3941 object:
955 3875 996 3925 the
1007 3875 1083 3924 world
1094 3874 1139 3923 has
1150 3873 1226 3921 easier
1238 3873 1314 3937 patha

107 3958 144 4006 for
155 3958 186 4006 its
197 3959 340 4008 followers.'’
377 3961 452 4011 Tract
465 3962 502 4011 18.

141 4041 181 4106 (3)
201 4041 261 4092 Luc.
273 4060 297 4091 ιι.
310 4049 333 4092 8.

144 4127 173 4189 (4
206 4127 305 4184 Ibidem,
318 4133 341 4176 7.

175 4128 186 4189 )

83 4238 90 4247 ·
144 4211 172 4273 (⁵
174 4216 183 4269 t

142 4295 182 4356 (0)
202 4293 302 4351 ibidem,
313 4297 354 4342 20.

135 4381 174 4444 (7)
190 4376 200 4423 1
216 4375 302 4426 Gonx
304 4379 363 4426 05
