2744 5024
116 276 179 332 02⁶
454 267 511 330 DE
531 265 629 328 FIDE
649 261 968 325 tus'rtmusuuu,

155 448 225 504 248.
247 444 381 504 Errorcm
409 442 527 501 Caluini
550 441 729 499 mathemate
750 439 893 517 percussit
919 435 1074 504 concilium
1096 432 1330 493 Tridentium:

119 551 138 578 “
148 542 181 599 st
195 542 260 615 quir
275 540 389 607 dixerit,
404 539 551 597 hominem
573 548 702 595 renatum
723 546 752 594 et
771 510 959 612 justificatum
972 533 1116 592 teneri'ex
1136 531 1197 589 fide
1216 531 1252 589 ad
1264 546 1328 588 crc-

121 637 259 704 dendum,
274 635 398 694 secend
412 653 484 693 »esse
499 635 527 692 in
542 652 662 692 numero
671 631 952 709 predestinatorum
974 629 1125 687 anathema
1138 627 1227 685 sit”¹

158 736 227 789 244.
261 732 358 798 Quum
379 727 658 808 praedestinationis
671 745 737 784 -uox
758 728 864 803 sepius
891 736 1107 796 occursandum
1131 723 1323 781 recentiorum

117 826 316 884 hereticorum
331 820 873 890 usu-male'sonamammadvortcndum
883 839 959 888 cam,
969 818 1045 896 apud
1059 819 1217 895 scriptores
1230 816 1322 875 eccle-

118 921 252 979 siasticos
268 931 296 978 et
309 921 440 988 concilia,
456 938 508 996 pro
523 919 578 976 Dei
594 917 707 976 decreto
721 916 756 974 dc
776 917 813 974 iis
828 934 949 989 quorum
970 915 1033 992 ipse
1048 925 1093 972 est
1107 922 1208 971 auctor
1227 912 1322 989 praeci·

119 1036 206 1094 puus,
224 1018 337 1075 scilicet
351 1017 386 1074 de
402 1016 651 1093 operibnstgratize
666 1023 694 1071 et
714 1013 822 1089 gloriae,
844 1013 984 1089 usurpari.
1023 1009 1227 1103 §radestinati
1236 1008 1322 1086 igitur

117 1113 315 1190 intelliguntur
329 1113 411 1171 electi
420 1112 463 1170 ad
476 1112 594 1188 gloriam
617 1110 779 1169 caelestcm:
802 1109 988 1167 necriaterest
1006 1105 1266 1184 impraesentiarum
1279 1105 1320 1162 ia-

118 1208 232 1280 quirsre
246 1221 340 1266 utrum
349 1207 450 1265 electio
464 1207 629 1264 meritomm
642 1205 806 1282 provisioni
821 1203 970 1280 procedat,
978 1202 1032 1261 nel
1039 1205 1081 1261 ea*
1087 1202 1204 1260 nitatur.

64 1590 91 1633 ⁷³
107 1636 113 1649 ·
145 1628 149 1635 ·
184 1601 275 1663 rides
294 1600 473 1691 justificans
487 1619 547 1661 non
559 1608 606 1661 rat
619 1609 698 1662 certo
711 1578 868 1680 prffisio
889 1618 920 1659 se
934 1618 995 1659 esse
1008 1600 1042 1660 in
1055 1617 1181 1660 numero
1196 1596 1319 1677 prodeo

120 1702 300 1761 tinctorum.
395 1694 403 1707 '

158 1796 312 1855 Probatur
325 1794 360 1864 I,¹
421 1793 593 1874 Scriptnria.
987 1854 989 1859 ,
1238 1863 1244 1876 .

159 1897 229 1951 245.
251 1893 363 1969 Aposto
375 1911 420 1960 us,
434 1892 453 1950 J
456 1892 601 1950 udaeorum
617 1893 666 1965 qui
680 1911 695 1948 a
709 1892 798 1968 gratia
812 1890 868 1949 Dei
883 1889 1048 1949 exciderant
1061 1888 1207 1966 exemplo,
1222 1886 1317 1944 fideles

119 1990 250 2056 deterret,
266 2007 302 2046 ne
321 1988 397 2047 dono
418 1988 485 2053 fidei
500 1989 586 2046 nimis
608 1987 773 2064 glorientur,
789 1997 932 2060 tamquam
949 1987 1049 2044 salutis
1070 1985 1184 2043 securi:
1204 1981 1319 2040 “Dices

119 2105 209 2162 ergo:
231 2084 326 2142 Fracti
341 2096 408 2142 sunt
430 2084 501 2142 rami
523 2093 554 2141 ut
572 2102 627 2160 ago
652 2086 769 2141 inserar.
823 2084 923 2144 Bene:
958 2093 1074 2160 propter
1096 2080 1319 2139 incredulitatem

119 2181 200 2238 fracti
221 2189 297 2237 sunt.
340 2179 387 2236 Tu
409 2188 502 2236 autem
517 2179 573 2235 fida
593 2191 672 2236 stass
695 2179 754 2237 noli
769 2179 856 2238 altum
877 2196 989 2255 sapere,
1003 2177 1055 2235 sed
1069 2178 1149 2235 time.
1192 2175 1224 2232 Si
1245 2174 1320 2231 enim

119 2275 200 2331 Deus
213 2274 386 2331 naturalibus
400 2273 486 2329 ramis
502 2291 558 2330 non
573 2275 718 2349 pepercit:
742 2292 778 2331 ne
793 2274 863 2331 forte
878 2291 931 2332 nec
946 2273 1118 2348 tibiparcat.
1161 2268 1239 2326 Vide
1253 2284 1318 2344 ergo

119 2370 272 2427 bonitatem
282 2377 312 2425 et
324 2369 503 2425 severitatem
520 2368 594 2426 Dei:
617 2369 646 2426 in
661 2388 712 2426 eos
727 2370 842 2442 quidem
864 2370 914 2442 qui
931 2368 1105 2435 ceciderunt*
1118 2367 1317 2424 severitatem:

120 2467 149 2523 in
167 2476 193 2522 tc
208 2474 302 2521 autem
315 2463 469 2520 bonitatem
483 2462 549 2528 Dei,
565 2465 590 2520 si
607 2466 797 2539 permanseris
819 2467 848 2523 in
863 2466 997 2531 bonitate,
1010 2463 1136 2535 alioquin
1150 2472 1181 2519 ct
1201 2472 1231 2518 tu
1246 2458 1320 2517 exci-

119 2559 244 2619 deris.'’⁹
285 2559 357 2616 Haec
372 2558 406 2615 de
419 2559 539 2634 singulis
561 2559 704 2626 fidelibus,
720 2562 795 2618 sicut
808 2560 843 2618 de
858 2560 1010 2627 universis,
1035 2577 1101 2615 vera
1117 2559 1175 2614 sint
1189 2562 1317 2631 oportet;

120 2660 169 2731 qui
185 2656 303 2734 proinde
319 2656 388 2713 nulli
405 2668 525 2730 possunt
539 2640 685 2731 indulgere
701 2657 855 2724 securitati,
866 2676 953 2728 quum
969 2675 1068 2714 eorum
1082 2654 1158 2710 salus
1175 2671 1213 2708 ex
1228 2667 1319 2727 perse·

109 2756 254 2841 *vorantia
268 2773 330 2826 quae
344 2754 399 2811 illis
412 2772 527 2829 prorsus
544 2755 648 2810 incerta
663 2765 715 2820 cst,
732 2755 863 2830 pendeat.
905 2757 986 2832 Ergo
999 2765 1074 2814 certa
1090 2753 1190 2811 salutis
1208 2769 1319 2827 persua·

120 2854 163 2909 sio
178 2871 235 2909 non
250 2861 295 2908 est
309 2849 443 2906 fidessilla
460 2867 514 2920 qua
535 2861 699 2923 peccatores
710 2852 914 2926 justificantur,
931 2851 975 2907 vel
991 2850 1063 2926 justi
1078 2850 1113 2906 ab
1128 2848 1245 2924 injustis
1266 2845 1322 2902 dis-

120 2960 282 3006 cernuntur.

617 1428 810 1511 ‘PROPossmffa

674 1522 677 1526 .
800 1508 825 1535 ς,

164 3066 233 3118 246.
256 3061 300 3117 Ad
319 3061 489 3118 *Corinthios
505 3063 643 3129 scribens,
660 3082 709 3119 cos
732 3063 915 3122 hortatuscst
929 3063 964 3120 ad
979 3071 1101 3120 conatus
1128 3061 1271 3118 maximos
1292 3067 1322 3114 ut

120 3158 238 3214 salutem
276 3166 504 3228 assequerentur.
570 3159 647 3214 Usus
676 3171 720 3215 cst
744 3161 884 3236 exemplis
912 3179 928 3215 a
955 3159 1029 3216 ludis
1058 3158 1321 3231 quibusassueve-

121 3265 207 3311 runt:
231 3254 389 3309 “Nescitis
405 3253 480 3322 qnod
496 3254 515 3307 ii
528 3254 576 3324 qui
593 3255 619 3310 in
634 3255 725 3311 stadio
740 3266 866 3324 currunt,
879 3275 979 3314 omnes
994 3255 1109 3328 quidem
1132 3264 1259 3317 currunt,
1272 3250 1321 3307 sed

119 3366 193 3405 nnus
209 3347 321 3421 ‘accipit
335 3346 484 3402 bravium?
527 3349 577 3404 Sic
601 3351 702 3406 currite
722 3361 754 3407 ut
775 3350 1070 3429 comprehendatis.''³
1110 3347 1319 3406 Abstinendum

117 3445 224 3502 idcirco
239 3444 331 3500 innuit
342 3444 376 3500 ab
392 3445 524 3502 omnibus
540 3447 642 3517 quibus
658 3449 786 3505 enervari
801 3451 893 3525 possit
914 3451 1013 3516 virtus,
1029 3449 1198 3505 athletarum
1214 3447 1319 3502 instar:

119 3544 255 3602 “Omnis
271 3551 375 3608 autent,
392 3544 440 3614 qui
462 3544 491 3599 in
513 3563 603 3619 agone
629 3545 783 3611 contendit,
802 3547 835 3601 ab
856 3547 988 3602 omnibus
1012 3565 1043 3602 se
1066 3545 1214 3601 abstinet:
1239 3552 1267 3599 et
1282 3540 1321 3597 illi

119 3640 234 3712 quidem
250 3639 504 3713 utconuptibilem
521 3659 654 3695 coronam
669 3640 827 3715 accipiant;
843 3659 895 3698 nos
911 3652 1004 3698 autem
1019 3637 1248 3715 incorruptam.’'
1271 3637 1321 3692 Sui

119 3737 209 3810 ipsius
225 3733 389 3807 exemplum
413 3734 555 3808 proponit,
572 3735 620 3805 qni
636 3736 766 3806 quamvis
782 3735 816 3791 ad
839 3735 959 3792 salutern
974 3735 1139 3793 hominibus
1155 3733 1322 3790 annuntian-

119 3831 183 3886 dam
209 3829 344 3885 divinitus
359 3829 443 3885 suerit
456 3829 573 3896 electus,
590 3849 723 3905 magnum
754 3832 876 3906 ponebat
890 3831 1017 3888 studium
1042 3832 1071 3887 in
1094 3830 1154 3886 suis
1169 3825 1321 3885 domandis

118 3926 330 4001 cupiditatibus,
341 3925 561 3998 vehementique
574 3939 674 3982 conatu
689 3927 722 3983 ad
739 3938 841 3984 metam
857 3929 997 3997 tendebat,
1009 3947 1046 3985 ne
1061 3947 1114 4004 spe
1129 3927 1228 3983 salutis
1245 3923 1321 3981 cxci·

119 4022 207 4078 deret.
234 4021 331 4096 “Ego
346 4021 431 4096 igitur
446 4023 487 4078 sic
503 4041 595 4088 curro,
608 4041 664 4078 non
681 4024 761 4094 quasi
776 4024 805 4080 in
821 4024 978 4082 incertum:
995 4025 1036 4081 sic
1052 4042 1161 4100 pugno,
1172 4041 1231 4079 non
1240 4021 1319 4092 quasi

119 4135 212 4174 acrem
226 4117 395 4174 verberans:
429 4116 481 4173 scd
508 4117 614 4192 castigo
630 4136 732 4194 corpus
749 4138 855 4197 meum,
871 4131 899 4178 et
924 4121 952 4177 in
967 4121 1131 4178 servitutem
1146 4118 1265 4196 redigo;
1287 4133 1321 4174 ne

483 4342 523 4405 (1)
542 4341 609 4390 Sess.
621 4343 653 4391 vi.
665 4359 719 4393 can.
731 4361 772 4394 xv.

483 4426 524 4493 (2)
545 4426 616 4475 Rom.
628 4428 661 4476 xi.
675 4432 713 4476 19.

487 4513 528 4576 (3)
551 4515 562 4558 1
578 4511 636 4561 Cor.
647 4514 682 4562 ix.
692 4513 733 4562 24.
