2744 5024
341 277 577 345 naussum
597 280 950 345 surrentinorum.
1141 372 1149 381 .
1187 281 1243 342 att

79 438 152 498 188.
172 435 265 518 Reap.
286 436 397 512 Utique
409 436 440 496 in
454 437 583 506 Christo,
597 435 739 499 credendo
752 437 783 498 iu
796 440 892 515 ipsum
906 413 991 512 eique
1005 435 1241 516 obtemperando,

35 528 180 606 justitiam
194 531 409 606 consequimur,
424 548 488 604 quse
502 549 539 589 ex
560 533 625 591 Deo
639 543 693 600 est,
708 533 848 605 nobisque
870 535 934 609 ejus
956 533 1032 592 dono
1046 533 1240 592 communica·

40 639 104 686 tur:
127 628 225 687 “ideo
239 629 296 687 Dei
312 639 342 686 st
354 627 466 685 Christi
480 625 594 694 dicitur,
609 626 688 699 quod
701 627 765 703 ejus
780 628 863 685 nobis
876 627 1003 704 largitate
1019 627 1186 687 donatur.”¹
1202 652 1208 658 ·
1302 656 1312 671 ·

77 726 155 781 181.
181 721 249 802 ooj.
264 727 293 782 8.
314 721 472 799 Apostolus
492 722 577 794 docet
598 731 617 758 ‘⁶
630 721 708 794 quod
727 721 810 780 Deus
833 721 964 781 homines
981 724 1130 798 justificet,
1146 740 1245 798 pecca·
1314 725 1320 739 ·

10 814 15 825 ’
46 825 110 875 tum
124 836 196 876 mou
210 813 422 894 imputando.¹’¹
462 825 482 851 ‘¹
495 816 577 889 Sicut
589 825 618 874 st
630 815 725 875 David
743 815 813 874 dicit
825 815 1028 874 beatitudinem
1050 817 1186 884 hominis,
1200 815 1249 874 cui

44 912 126 972 Deus
148 923 267 992 accepto
288 914 344 971 sert
358 911 501 988 justitiam
520 913 583 971 sine
597 912 743 988 operibus.
785 913 866 970 Beati
888 930 1010 985 quorum
1030 914 1248 973 remisserunt

54 1008 230 1083 iniquitates,
245 1018 274 1066 et
291 1025 414 1081 quorum
434 1015 507 1064 tecta
520 1016 588 1066 sunt
601 1018 726 1083 peccata.
768 1007 875 1065 Beatus
889 1008 932 1065 vir
951 1009 998 1067 oui
1019 1027 1078 1067 noa
1090 1007 1249 1084 imputavit

46 1101 186 1163 Dominus
201 1114 360 1180 pennatum.
362 1100 395 1136 ”⁸
435 1102 474 1183 Et
486 1103 542 1160 alio
563 1103 670 1161 locoz‘
674 1103 777 1178 ‘Deus
790 1113 849 1186 erat
870 1104 900 1162 in
913 1102 1033 1162 Christo
1047 1103 1186 1162 mundum
1204 1120 1251 1161 re·

51 1199 213 1258 concilians
217 1198 284 1266 sibi,
299 1218 357 1258 uon
371 1207 506 1275 reputans
521 1198 577 1257 illis
592 1198 715 1257 delicta
707 1215 846 1274 ipsorum
850 1197 882 1234 ”⁴

87 1301 157 1354 182.
177 1295 269 1373 Resp.
291 1296 362 1354 Non
375 1313 492 1355 omnem
508 1297 722 1372 justificationis
745 1297 879 1356 effectum
894 1273 1051 1374 Apostolus
1071 1313 1186 1372 semper
1206 1313 1251 1354 re·

49 1401 158 1458 censet
172 1390 327 1451 sedunum
349 1391 515 1457 alterumve,
530 1409 583 1466 pro
607 1391 767 1449 occasione.
810 1391 856 1449 De
876 1393 1046 1450 remissione
1066 1401 1248 1466 peecatorum

51 1487 166 1565 objectis
180 1488 253 1546 locis
276 1487 421 1563 precipue
435 1487 503 1562 agit,
524 1486 649 1560 dicitque
670 1487 767 1545 Deum
789 1506 847 1546 non
869 1489 1010 1563 imputare
1031 1497 1157 1563 peecata,
1172 1498 1251 1558 quae,
1278 1478 1288 1504 ⁵

35 1574 167 1651 'scilieet
178 1581 400 1650 misericorditer
408 1581 493 1640 delet.
516 1581 595 1640 Hinc
606 1583 676 1640 alias
688 1583 756 1640 dicit
766 1583 866 1642 fideles
878 1584 999 1652 ablutos,
1009 1593 1038 1641 et
1046 1583 1248 1649 sanctificatos,

54 1691 80 1737 ιι
93 1679 278 1754 justificatos,
292 1673 467 1739 ὀαιιούσωιέ
476 1675 803 1747 elemosinamque

37 1828 43 1842 ,
90 1775 158 1829 188.
184 1769 251 1849 obj.
266 1775 296 1828 t.
318 1771 362 1829 Ad
378 1771 526 1829 Christum
541 1789 657 1828 ornnem
672 1772 798 1853 fidelium
817 1772 957 1847 justitiam
974 1771 1059 1829 refert
1072 1770 1247 1846 Apostolus:

53 1867 140 1926 “Vos
155 1867 225 1925 estis
239 1868 270 1925 in
284 1866 405 1925 Christo
416 1867 500 1932 Jesu,
515 1868 564 1939 qui
579 1867 669 1924 faetus
685 1877 730 1924 est
744 1868 825 1924 nobis
842 1868 983 1942 sapientia
996 1886 1013 1923 a
1027 1866 1103 1934 Deo,
1117 1876 1146 1923 et
1163 1865 1248 1942 justi·

52 1965 97 2030 tia,
116 1973 148 2020 et
166 1962 364 2030 auctificatio,
384 1971 413 2020 et
433 1960 704 2038 redemptio.”⁰—“
717 1963 795 2020 Eum
816 1963 866 2035 qui
887 1981 946 2021 non
960 1970 1079 2020 noverat
1100 1971 1249 2036 peecatum

54 2077 103 2134 pro
115 2058 202 2116 nobis
216 2066 364 2133 peecatum
378 2056 456 2137 iecit,
472 2065 503 2114 nt
515 2075 568 2114 nos
584 2056 763 2114 efficeremur
772 2057 884 2132 justitia
898 2056 954 2114 Dei
969 2057 999 2113 in
1013 2054 1121 2131 ipso.’‘⁷
1161 2053 1252 2131 Igitur

53 2163 167 2231 propter
181 2153 331 2211 Christum
341 2152 412 2229 justi
427 2152 574 2219 habemur,
588 2153 720 2225 quamvis
733 2153 813 2211 omni
824 2171 890 2210 vera
905 2152 1019 2230 justitia
1031 2161 1169 2210 carentes.

91 2253 163 2308 184.
183 2248 275 2326 Resp.
298 2246 431 2305 Christus
446 2257 491 2305 est
503 2249 586 2305 nobis
608 2249 702 2306 omnis
725 2249 820 2325 gratiae
834 2257 863 2304 et
883 2247 952 2306 doni
973 2265 1068 2313 causa,
1084 2265 1135 2322 per
1154 2247 1252 2323 ipsam

56 2345 158 2422 quippe
172 2343 270 2404 omnia
283 2342 419 2401 divinitus
434 2343 526 2400 ‚nobis
545 2344 656 2411 dantur,
678 2360 789 2416 nosque
810 2361 906 2401 eoram
928 2342 993 2401 Deo
1013 2342 1085 2417 justi
1099 2342 1249 2408 efficimur,

38 2506 41 2511 ,
58 2460 116 2514 que
130 2443 176 2499 vis
191 2450 236 2499 est
249 2441 398 2497 verborum
413 2439 555 2516 Apostoli.
598 2440 732 2499 Libenter
746 2442 928 2516 agnoscimus
942 2459 1009 2498 eum
1026 2440 1144 2515 justitias
1155 2441 1251 2499 omnis

57 2556 178 2606 musam,
193 2546 276 2595 “nec
290 2536 368 2594 enim
388 2533 464 2592 aliud
479 2553 583 2592 nomen
604 2547 649 2592 est
668 2537 722 2591 sub
743 2536 816 2593 ooelo
838 2535 934 2593 datum
958 2534 1133 2599 hominibus,
1148 2535 1177 2591 in
1192 2551 1250 2604 quo

58 2641 179 2708 oporteat
198 2648 252 2689 nos
275 2630 371 2689 salvos
398 2627 508 2687 fieri.”⁸
549 2629 608 2690 ssd
629 2630 692 2704 ejus
711 2629 800 2686 virtus
814 2629 844 2689 in
865 2646 901 2685 eo
921 2629 1046 2686 maxime
1067 2627 1160 2685 elucet
1173 2625 1251 2698 quod

58 2721 147 2786 reram
161 2726 309 2784 consecuti
322 2725 413 2784 simus
430 2725 573 2800 justitiam
587 2724 617 2781 in
631 2724 691 2781 illo.

94 2826 161 2881 188.
186 2820 254 2901 Obj.
272 2825 302 2879 ὃ.
324 2821 458 2888 Queritur
472 2819 628 2896 Apostolus
643 2818 678 2876 de
693 2819 728 2876 iis
743 2819 792 2890 qui
809 2817 949 2894 justitiam
963 2816 1107 2892 propriam
1128 2824 1250 2874 statuere

62 2928 196 2993 querunt.
238 2918 435 2994 “Ignorantes
450 2917 526 2974 enim
544 2916 684 2993 justitiam
710 2914 776 2982 Del,
792 2926 820 2972 et
840 2933 920 2971 suam
943 2923 1103 2985 quaerentes
1118 2924 1250 2980 statuere,

60 3015 170 3088 justitie
193 3014 251 3077 Dei
264 3032 322 3072 non
338 3021 405 3070 sunt
417 3010 586 3088 subjecti.”⁰

98 3113 164 3166 188.
186 3107 275 3185 Resp.
298 3106 455 3183 Apostolus
470 3104 505 3162 de
518 3105 537 3163 J
539 3104 627 3163 udeis
641 3105 775 3178 loquitur,
787 3103 836 3177 qui
851 3122 902 3179 per
916 3122 1003 3181 opera
1015 3103 1088 3181 legis
1104 3103 1252 3172 Mosaicae,

62 3205 160 3278 absque
174 3203 232 3262 tide
245 3205 276 3262 iu
291 3203 451 3269 Christum,
467 3219 498 3259 se
513 3201 635 3286 salutem
650 3202 765 3275 assequi
781 3219 867 3277 posse
888 3201 1078 3268 confidebant,
1092 3211 1192 3258 eontra
1212 3200 1254 3258 di·

65 3301 130 3360 siue
143 3302 291 3378 sapientias
311 3299 442 3358 consilia.
485 3296 550 3356 Nos
573 3298 640 3357 verb
658 3300 799 3376 justitiam
825 3298 881 3356 Dei
902 3299 1112 3375 predicamus,
1135 3299 1253 3376 gratiam

65 3399 133 3458 enim
149 3390 266 3458 omnem
281 3395 386 3463 aDeo,
402 3395 504 3452 intuitu
519 3395 683 3455 meritorum
700 3394 819 3462 Christi,
834 3394 894 3451 dari
908 3395 1084 3470 profitemur,
1099 3413 1153 3453 nec
1167 3396 1253 3454 ullam

10 3668 12 3673 ,
93 3609 142 3675 (1)Ι
154 3605 223 3673 Aug.
233 3607 250 3657 l.
261 3603 455 3670 daSpsthtc.
465 3602 535 3656 imo.
548 3603 588 3654 15.

10 3739 12 3746 ,
92 3692 366 3761 (tl‘CalviuinRom.
376 3690 409 3741 ir.
420 3688 444 3738 8.

91 3783 130 3844 (8)
147 3778 265 3830 Rom-ist
275 3779 300 3827 8.

93 3864 136 3929 (4)
154 3863 190 3915 ΙΙ.
200 3861 259 3912 Cor.
270 3878 294 3913 ι.
307 3863 347 3910 18.

94 3949 138 4014 (ὁ)
156 3946 252 3999 LCur.
261 3946 346 3997 vill.
361 3943 448 3994 “This
460 3944 485 4013 (
477 3941 598 4012 Jmcfiod
596 3941 621 4009 )
633 3941 690 3992 here
701 3937 857 3997 understood
868 3929 1171 4001 mustnsedsheobeing
1180 3935 1259 4004 really

62 4031 208 4101 uadem,
215 4031 266 4083 aod
276 4034 321 4082 not
336 4045 354 4081 ιι
371 4028 448 4097 being
463 4027 556 4098 merely
571 4025 689 4095 imputsd
703 4023 775 4083 susle
792 4025 842 4075 else
852 4017 986 4088 aunehfisd
1001 4018 1050 4069 aud
1065 4016 1168 4072 wanted
1181 4021 1261 4084 might

59 4112 489 4182 bsrppstsrlsbsingesteemodso,
500 4111 715 4172 sudnotabsiug
734 4106 871 4176 reollpso,
888 4104 1007 4155 audthen
1023 4104 1261 4169 itquimorsrtsrm

59 4199 513 4259 8811ι1ιίιιαιιοὶιΙιιωιιωιι.”
536 4197 808 4312 BsrclayfsApology,
820 4195 893 4260 Prop.
903 4191 1115 4258 rii.§riipos.i.

93 4287 140 4353 (8)
157 4284 267 4337 110οτ·
259 4300 284 4335 ι.
288 4287 332 4337 88.
466 4309 468 4313 ·

94 4372 140 4437 (ι)
158 4369 193 4421 11.
204 4369 271 4423 cor.
268 4386 300 4423 v.
304 4372 354 4420 ..st

10 4454 14 4493 ·'
95 4454 142 4518 (8)
161 4453 236 4502 Aes·
229 4468 261 4502 ιι.
275 4455 314 4505 18.

60 4602 64 4611 .
98 4540 145 4606 (8)
163 4539 234 4591 Rom.
246 4536 307 4590 x-A.
328 4550 347 4579 ·,
