2744 5024
83 243 140 317 ua
476 236 534 299 nn
555 236 891 301 autumamus.

79 398 151 457 ritus
164 397 261 455 Saneu
275 414 363 474 opera
375 408 557 474 conceptum,
565 407 595 455 et
608 398 703 455 Deum
717 398 748 455 in
761 414 881 473 corpore
893 396 1024 455 humano
1035 395 1180 454 habitasse
1192 395 1266 454 ethni
1291 426 1295 435 ·
1320 396 1332 403 '

80 492 163 551 tradit
176 492 311 559 Hermas,
325 494 463 564 querenti
476 494 555 551 enim
569 494 662 551 curin
677 492 866 550 similitudine
886 492 1033 550 Dominus
1047 492 1077 549 in
1092 490 1212 549 oonsilio
1227 490 1266 549 sl-

80 588 204 647 hihuerit
217 588 335 655 Filium,
349 588 459 645 seilicet
472 588 612 663 Spiritum
623 586 773 654 Sanctum,
784 588 853 645 Filii
864 588 955 663 figura
965 596 1210 663 representatum,
1220 602 1268 643 rer·

80 684 188 761 pendet
197 683 335 761 augelus:
357 694 379 721 ⁴⁴
389 685 465 751 Quis
476 684 605 741 Nuntius
615 684 693 740 audit
706 684 787 741 illum
799 684 940 758 Spiritum
948 684 1101 750 Sanctum,
1110 682 1160 755 qui
1172 678 1269 739 infusus

80 794 126 837 est
137 781 267 839 omniunt
282 781 393 857 primus
407 780 437 837 in
450 798 582 856 corpore,
596 780 626 837 in
640 797 698 851 quo
712 779 851 835 habitaret
869 778 1000 837 Dens.”¹
1041 778 1117 836 Heu
1129 779 1223 836 omnis
1233 796 1271 837 os·

80 876 201 934 tendunt
213 888 361 948 utramque
373 887 503 933 naturam
517 876 547 934 iu
561 874 681 931 Christo
693 874 729 931 ah
741 873 851 931 Herma
860 874 997 949 agnitam,
1008 874 1145 933 servilem
1159 873 1272 931 hominis
1315 868 1331 881 “

81 971 285 1037 conditionem,
299 980 330 1027 et
342 970 468 1029 diuinam
483 989 500 1027 a
513 969 598 1028 Patre
612 969 764 1045 originem,
778 980 844 1027 aute
857 986 975 1027 omnem
987 980 1159 1038 masuram,
1174 986 1274 1041 quara·

83 1069 161 1127 hune
176 1078 205 1125 et
215 1069 278 1144 ipse
293 1066 374 1125 Deus
388 1086 454 1126 rere
464 1077 518 1125 est.
560 1064 637 1123 Cum
653 1063 840 1123 Ariunumm
854 1066 966 1142 plseitis
980 1066 1044 1124 hue
1058 1076 1206 1139 nequeunt
1217 1082 1276 1123 oon·
1322 1076 1331 1155 1

83 1164 184 1229 eiliari,
198 1183 263 1221 cum
278 1160 566 1220 Humanituriorum
580 1160 699 1219 adversa
711 1162 802 1219 fronte
816 1172 954 1239 pugnant.
1328 1166 1331 1171 '

122 1262 192 1315 att.
214 1260 247 1315 S.
261 1258 409 1316 Cunus
423 1257 580 1323 Ronanus,
595 1276 611 1312 a
626 1257 717 1314 Paulo
730 1275 796 1314 oum
810 1256 894 1315 laude
907 1268 1161 1323 commemoratus,
1179 1256 1280 1329 quique

83 1350 243 1409 Romanam
257 1350 430 1409 cathedram
446 1353 545 1418 tenuit,
571 1351 716 1410 semotius
730 1352 773 1409 r'el
789 1353 888 1409 tertius
902 1371 920 1408 a
938 1351 1036 1420 Petro,
1061 1351 1098 1409 ari
1117 1350 1281 1409 eounrhiur

83 1448 222 1514 scribens,
236 1465 336 1505 eurum
352 1448 493 1523 prioribus
507 1449 684 1525 temporibus
698 1448 811 1506 felicem
822 1448 1016 1507 conditionem
1029 1448 1161 1525 exponit,
1173 1458 1203 1505 et
1214 1448 1283 1505 inter

85 1558 201 1601 eateras
226 1543 325 1601 laudes
338 1544 417 1603 dicit.
459 1546 548 1604 “Dei
561 1546 666 1603 viatico
678 1545 815 1612 contenti,
840 1556 870 1603 et
882 1554 1013 1604 aoenmts
1032 1544 1211 1603 attendentes
1229 1560 1285 1601 ser·

84 1640 218 1699 monibus
232 1641 314 1716 ejus:
335 1639 444 1698 dilatati
464 1642 549 1699 eratis
571 1642 601 1698 in
614 1642 773 1699 visoeribus
793 1654 823 1697 et
841 1630 993 1718 passiones
1017 1641 1096 1700 illius
1117 1660 1177 1719 pra
1196 1638 1285 1705 ovilli!

85 1736 186 1812 vestris
200 1736 328 1793 erant.”⁸
364 1736 418 1800 τοῖς
428 1736 803 1805 εφώίοιςτοῑιθεώἂμοῐιμενω
821 1773 829 1788 .
846 1773 854 1789 .
870 1772 879 1789 .
895 1774 903 1789 .
918 1736 1104 1807 muntium
1114 1740 1285 1807 mitit&

83 1836 295 1900 όφδαλμὰὺμῧν·
336 1833 394 1900 Qui
408 1852 511 1909 passus
524 1844 579 1899 est,
594 1833 691 1910 igitur,
705 1834 914 1909 agnoscebatur
926 1833 1020 1901 Deus,
1035 1832 1209 1906 etquidem,
1223 1831 1286 1889 arti·

87 1929 153 1986 culo
169 1928 273 1985 Grues
298 1930 463 2005 proposito,
487 1928 658 2006 emphatice.
698 1928 779 1985 Alias
799 1947 866 1986 eunt
882 1938 963 1987 voest
982 1928 1122 1987 Clemens
1142 1938 1287 2006 sceptrum

86 2022 242 2097 majestatis
256 2021 329 2080 Dei:
347 2028 379 2076 rb
389 2026 514 2091 ssimpsr
522 2026 569 2091 τῆς
577 2022 745 2092 psynmorinpr
757 2023 789 2076 ss*
798 2025 862 2082 utu,
872 2026 886 2077 h
896 2024 977 2092 suptus
984 2024 1053 2092 ἡμων
1065 2026 1178 2092 Χριστὸς
1186 2024 1290 2093 [quiin-⁸

87 2115 276 2192 Magnificum
291 2115 347 2174 Dei
357 2126 501 2193 soeptmm
515 2113 621 2174 inclinat
632 2132 778 2173 summam
791 2124 972 2193 potestatem,
983 2132 1048 2188 qua
1064 2115 1133 2172 Filii
1147 2126 1204 2183 est,
1215 2116 1289 2173 siout

86 2212 230 2271 etPatris.

125 2306 196 2365 ais.
217 2306 250 2364 s.
264 2304 409 2364 num·
417 2306 462 2365 iu.
483 2305 967 2383 pmimcuruummtneum.
999 2286 1289 2384 satuimupums

86 2400 218 2480 epistolae
230 2399 265 2459 ad
279 2400 445 2476 Ephesios:
468 2410 549 2476 “per
558 2400 732 2459 voluntatem
745 2400 838 2459 Patn’s
849 2410 880 2459 et
891 2400 964 2458 Jesu
974 2399 1086 2459 Christi
1094 2400 1152 2459 Dei
1163 2398 1289 2459 nostri.”

86 2495 122 2555 ln
142 2494 263 2572 epistola
281 2494 318 2552 sd
339 2494 520 2561 Trallianos3
541 2492 706 2552 “indivulsi
728 2494 890 2553 manseritis
911 2514 929 2551 a
947 2492 1012 2552 Deo
1031 2492 1105 2551 Jesu
1126 2492 1292 2553 Christu.‘'⁴

87 2591 133 2650 sd
147 2592 304 2657 Romanos,
327 2599 347 2626 ‘⁶
357 2591 386 2648 in
401 2589 613 2667 magnificentia
625 2589 757 2648 altissimi
774 2590 866 2647 Patris
881 2600 910 2646 et
924 2589 995 2655 Jesn
1010 2588 1123 2647 Christi
1137 2588 1289 2666 Unigeniti

87 2689 151 2765 ejus
165 2686 263 2745 Filii.”
306 2686 504 2744 “Secundum
526 2687 670 2744 caritatem
691 2686 764 2744 Jesu
785 2684 895 2744 Christi
919 2686 976 2743 Dei
997 2684 1122 2742 uostri.”
1164 2695 1186 2722 ‘⁴
1198 2686 1292 2745 Pluri-

87 2802 163 2841 mam
179 2786 208 2842 in
224 2783 351 2842 Domino
365 2784 436 2842 Jesu
452 2782 570 2841 Christo
584 2781 650 2841 Deo
671 2793 778 2850 nostro,
804 2792 889 2854 atque
901 2781 1119 2839 'immaculatam
1136 2781 1292 2841 salutem.”

88 2882 204 2939 “Nihil
218 2882 326 2939 bonum
342 2880 418 2954 quod
434 2879 552 2938 videtur.
595 2879 675 2937 Deus
687 2880 793 2956 quippe
806 2890 902 2937 noster
913 2879 1000 2937 Jesus
1012 2878 1148 2937 Christus
1160 2880 1192 2937 iu
1206 2879 1292 2937 Patre

87 2980 214 3037 existens
223 2979 315 3052 magis
324 2986 441 3051 apparet
450 2975 496 3030 :”⁵
507 2979 521 3027 ὁ
531 2996 578 3044 γαρ
588 2981 640 3035 θεος
650 2975 718 3042 ἡμῶν
731 2973 822 3043 Ἰησοῦς
831 2980 921 3044 Χριςὸς
931 2980 956 3028 ἐν
965 2976 1047 3044 nomi
1058 2978 1091 3028 ὢν
1108 2971 1202 3043 pisano
1213 2974 1293 3043 φαίη·

88 3092 139 3130 ιω·
157 3105 163 3118 ·
182 3071 306 3126 ,Ἐάσωτε
316 3094 346 3139 με
358 3087 466 3140 popurus
477 3076 538 3124 ἓινω
547 3067 639 3130 κάδονς
649 3070 681 3121 τὲ
689 3071 744 3123 θεοῦ
756 3071 824 3137 μοῦ.ΙΙ
845 3080 865 3108 “
877 3072 969 3129 Sinite
981 3090 1027 3129 me
1039 3072 1212 3129 imitatorem
1226 3088 1292 3128 esse

89 3165 231 3240 passionis
257 3163 314 3220 Dei
338 3163 428 3221 mei.”
470 3164 503 3220 In
528 3160 649 3235 epistola
663 3159 697 3217 ad
724 3163 894 3239 Magnetes:
922 3166 1113 3234 οςηρὸὸιώνων
1130 3183 1199 3235 napo
1209 3173 1293 3236 neap·

87 3258 175 3329 firmat
187 3262 212 3310 tr
222 3259 288 3311 rim
298 3258 371 3328 ἐφάνη
380 3260 400 3306 :⁷
421 3266 441 3293 “
451 3257 509 3323 Qui
524 3266 588 3313 aute
602 3257 706 3314 saeoula
721 3259 796 3334 apud
817 3262 931 3319 Patrem
945 3271 1013 3327 erat,
1034 3269 1064 3317 et
1080 3260 1112 3317 in
1126 3258 1185 3318 fine
1206 3246 1294 3337 appa·

88 3351 176 3411 ruit.”
216 3352 257 3414 Εἰς
267 3357 393 3416 θεὸςέστιν
403 3356 416 3407 ὃ
426 3354 559 3423 paupribus
568 3355 652 3406 inorbo
662 3353 704 3406 διὰ
715 3357 786 3424 Ιησοῦ
797 3359 842 3412 τοῦ
852 3358 906 3413 brou
923 3356 1005 3417 buron,
1018 3361 1045 3419 ὅς
1060 3361 1111 3421 ἐςιν
1127 3354 1205 3411 horsi
1216 3357 1295 3426 Λόρς

87 3450 162 3509 rithron
172 3452 216 3501 οὐκ
227 3446 277 3502 ἀπο
288 3447 356 3520 σιγῆς
363 3454 496 3519 apathia,
507 3450 532 3510 ὃς
542 3446 608 3501 sorti
618 3446 701 3502 aduro
711 3451 866 3520 stupiossporv
877 3469 913 3519 τῳ
923 3452 1050 3520 sriptum
1060 3450 1142 3506 ὀπὸν.
1177 3460 1198 3489 “
1209 3449 1294 3508 Unus

89 3539 169 3601 Deus
180 3552 225 3599 est
238 3544 286 3615 qui
301 3544 428 3622 seipsum
444 3542 634 3601 manifestavit
648 3560 701 3616 per
716 3543 818 3601 iesum
830 3542 979 3602 Christum
993 3543 1100 3602 Filium
1116 3564 1221 3613 suum;
1243 3557 1294 3619 qui

86 3649 132 3698 est
140 3638 269 3698 Verbum
279 3641 370 3717 ipsius
383 3652 529 3707 eternum,
541 3656 599 3696 uun
611 3657 626 3694 a
638 3638 753 3707 silentio
766 3639 974 3717 progrediens;
996 3641 1105 3714 quique
1117 3642 1147 3700 in
1158 3643 1294 3703 omnibus

450 3895 487 3953 (l)
505 3890 536 3941 1..
547 3890 581 3939 iii.
592 3890 671 3939 uiuit.
684 3905 706 3937 v.
719 3893 732 3948 ς
745 3890 778 3940 vi.
790 3894 814 3941 7.

454 3976 497 4042 (2)
519 3972 641 4023 ladCor.
654 3977 668 4032 ς
681 3973 705 4022 ii.
717 3976 739 4022 1.

458 4062 496 4118 (³)
514 4058 615 4116 Ibidem,
625 4061 639 4116 ἦ
650 4057 700 4106 xvi.

456 4144 499 4207 (4)
514 4142 547 4192 N·
558 4147 582 4193 7.

457 4227 499 4292 (5)
513 4226 548 4275 N.
561 4229 585 4275 8.

457 4310 498 4374 (6)
513 4308 548 4359 Ν.
560 4311 583 4357 u.
643 4342 650 4351 .

461 4392 503 4462 (t)
523 4391 549 4446 Ν
552 4394 585 4447 ,θ
