2730 5018
470 110 527 175 ΒΕ
548 109 772 173 elocuntur
792 106 1038 169 annumero
1291 112 1350 168 243

224 568 227 573 ’
333 568 475 631 CAPUT
496 570 549 629 VI.
590 570 650 629 DE
668 566 893 627 PIACULARI
914 566 1159 629 snculrlcto.

198 750 257 805 tta.
278 746 413 824 Expiatis
427 765 479 804 sus
493 755 583 804 morte
597 745 747 804 hominurn
761 743 872 801 delictis
888 743 1022 803 Christus
1037 743 1189 803 sacerdotii
1203 747 1350 824 praecipuo

87 874 94 883 ·
153 850 261 909 functus
275 855 320 902 est
333 862 462 912 munere,
476 844 618 901 victimam
636 862 688 918 pro
703 842 827 918 pcccatis
839 840 997 899 offerendo.
1026 840 1201 900 Praedicatur
1214 844 1348 916 equidem

98 1002 102 1007 ,
157 940 277 1023 pluribus
291 940 363 998 locis
377 939 521 1003 sacerdos,
536 940 633 1015 plures
647 939 731 996 etiam
748 938 784 995 ob
796 956 917 994 causas:
939 937 991 994 sed
1005 936 1041 994 ad
1056 956 1115 995 rem
1130 948 1257 997 nostram
1271 942 1350 1014 quod

10 1004 92 1117 {⁸4
164 1038 271 1119 pertinet
282 1054 318 1096 eo
334 1036 414 1095 titulo
435 1036 641 1112 nuncupandus
663 1046 707 1092 est
726 1035 763 1093 ob
777 1034 949 1091 sacrificium
971 1052 1028 1106 quo
1042 1034 1134 1090 ablata
1154 1046 1221 1093 sunt
1233 1036 1347 1095 delicta.

68 1118 94 1145 ³*
165 1132 310 1199 Sacerdotis
322 1150 380 1190 vox
392 1133 480 1189 sacris
489 1150 608 1207 operam
620 1131 733 1189 dantem
746 1129 869 1202 denotat,
879 1141 908 1186 et
919 1128 989 1186 iliud
1001 1130 1176 1205 precipuum
1190 1149 1293 1189 munus
1305 1153 1350 1190 sa·

78 1232 102 1285 .“
169 1222 295 1290 criticandi
305 1246 364 1301 quo
378 1247 492 1285 summa
506 1227 563 1285 Dei
580 1229 712 1303 majestas
727 1227 899 1302 agnoscitur,
916 1233 944 1282 et
958 1225 999 1282 ira
1014 1225 1076 1300 ejus
1093 1225 1230 1300 placatur,
1244 1228 1347 1285 oblatis

94 1396 99 1405 1
171 1325 290 1385 neonis:
311 1323 387 1397 quod
402 1324 516 1400 egregie
531 1324 654 1399 explicat
668 1323 844 1400 Apostolus:
869 1321 1004 1379 “Omnis
1019 1322 1155 1380 Pontifex
1172 1342 1209 1381 ex
1225 1324 1348 1384 homini-

72 1478 81 1489 ,
171 1426 212 1483 hus
222 1421 393 1481 constituitur
407 1421 436 1478 in
451 1422 497 1488 iis,
512 1432 658 1495 quaesunt
672 1421 706 1477 ad
723 1421 828 1487 Deum,
843 1429 875 1477 ut
888 1420 988 1477 offerat
1001 1418 1077 1477 dona
1090 1429 1119 1477 et
1133 1421 1273 1480 sacrificia
1293 1442 1348 1502 pro

172 1512 315 1599 pereatis?¹
339 1517 485 1576 Sociniaui
500 1510 604 1595 negant
619 1518 765 1575 Christum
781 1536 846 1575 vere
862 1517 1020 1575 sacerdotio
1034 1517 1174 1586 sunctum,
1189 1529 1346 1579 mortemve

43 1624 97 1691 ι’,
172 1618 221 1697 ejus
229 1616 353 1675 sacrificii
366 1616 426 1673 veri
440 1615 565 1673 nominis
579 1615 713 1672 habuisse
729 1616 884 1673 rationem:
907 1616 934 1671 ei
949 1633 1016 1671 vero
1030 1614 1217 1673 sacerdotalia
1231 1618 1260 1674 in
1271 1618 1345 1676 coelo

71 1694 96 1729 ῥ’
175 1733 280 1785 munera,
295 1714 392 1773 Deum
410 1726 462 1791 pro
477 1713 644 1772 hominibus
654 1712 844 1790 deprecando,
859 1713 936 1771 obire
951 1713 1071 1769 libenter
1083 1712 1253 1771 concedunt.

652 1925 833 1965 ruot’osmtO.

10 2052 101 2115 ’ζ-’Ξ
206 2063 336 2133 Christus,
361 2064 493 2143 reipsum
512 2063 699 2143 piacularem
723 2062 878 2123 victimam
901 2063 1059 2141 efferendo,
1085 2065 1248 2126 sacerdotio
1276 2085 1343 2127 uere

10 3086 14 3094 Ι
34 3182 41 3191 ,
150 3120 260 3191 christi,
273 3122 325 3197 qui
337 3140 391 3201 per
403 3123 542 3201 Spiritum
558 3125 692 3184 Sanctum
706 3125 894 3201 semetIpsum
916 3127 1017 3185 obtulit
1029 3128 1243 3186 immaculatum
1259 3128 1336 3197 Deo,

150 3216 304 3279 emundabit
315 3218 520 3278 conscientiam
535 3231 660 3279 nostram
675 3221 709 3277 ab
723 3220 857 3296 operibus
878 3222 1008 3289 mortuis,
1023 3221 1057 3278 ad
1073 3223 1254 3282 serviendum
1273 3223 1338 3282 Deo

151 3315 306 3375 ussaw*
344 3316 452 3390 Liquet
466 3317 614 3376 Christum
637 3317 813 3377 sacerdotem
828 3317 895 3384 dici,
910 3336 946 3375 eo
967 3317 1043 3390 quod
1065 3337 1129 3375 sese
1144 3320 1285 3387 obtulerit,
1308 3332 1339 3379 ut

149 3411 255 3487 proprio
277 3411 418 3489 snguine
442 3412 624 3471 conscientie
645 3424 780 3473 nostroea
801 3422 918 3489 peceato
939 3410 1171 3470 emundationem
1187 3413 1337 3473 obtineret.

24 3570 31 3579 ⁸
148 3504 291 3583 Emergo
305 3506 422 3565 victime
443 3507 603 3585 piacularis,
618 3518 733 3566 ceteras
754 3526 856 3566 omnes
877 3507 1007 3567 victimas
1031 3507 1132 3564 virtute
1146 3506 1233 3585 longo
1253 3526 1338 3586 rupe·

146 3620 215 3661 rans.
255 3600 309 3660 ltu
328 3601 435 3661 oblatio
449 3602 522 3661 sacta
535 3613 580 3661 est
598 3603 627 3662 in
642 3623 737 3670 cruce.
758 3605 897 3680 sanguine
913 3602 1017 3670 effuso,
1039 3602 1162 3675 ideoque
1183 3614 1251 3663 tunc
1271 3622 1338 3664 vere

144 3698 252 3759 iunctus
264 3710 310 3757 est
322 3699 492 3768 sacerdotio,
508 3712 659 3775 antequam
673 3702 777 3761 coelum
799 3700 992 3778 ingrederetur
1005 3700 1130 3758 humana
1144 3701 1208 3777 ejus
1228 3712 1338 3762 natura.

179 3800 247 3857 ldd.
266 3796 302 3855 ld
315 3797 439 3874 amplius
458 3797 549 3871 liquet
561 3818 598 3859 ex
612 3819 647 3857 eo
662 3799 737 3873 quod
752 3798 907 3875 Apostolus
928 3799 1019 3857 semel
1039 3798 1212 3859 oblationem
1232 3798 1337 3859 sectam

10 3890 36 3910 '⁸
140 3890 221 3951 dicat:
235 3892 331 3951 “Non
344 3892 422 3951 euim
434 3892 466 3955 iu
476 3894 634 3954 manufacta
646 3895 750 3952 Sancta
762 3894 848 3954 Jesus
857 3895 994 3963 introivit,
1005 3894 1183 3972 exemplaria
1193 3912 1338 3954 verorum:

142 3985 193 4045 sod
213 3988 246 4047 iu
264 3986 364 4067 ipsum
384 3986 501 4057 cotum,
515 3998 547 4047 ut
560 3998 692 4067 appareat
717 4008 793 4085 nunc
807 3989 897 4049 vultui
917 3990 982 4055 Deo
1001 4008 1055 4069 pro
1075 3990 1177 4050 nobis:
1199 4006 1292 4065 neque
1307 3998 1338 4047 ut

606 4145 649 4211 (Ι)
669 4145 732 4196 nen.
743 4161 767 4194 v.
781 4148 802 4197 1.

601 4230 793 4290 mfflmh

602 4316 640 4373 (³)
659 4312 753 4362 Heba.

599 4399 637 4459 (4)
656 4396 718 4448 Heb.
727 4397 761 4448 ix.
774 4401 810 4451 11.
