2744 5024
76 239 136 299 att
281 233 535 331 ott-nauum
556 231 860 295 REDEMPTORIS
880 230 1082 293 HUMANA.

158 717 300 778 CAPUT
321 716 361 776 ll.
403 717 460 776 DE
483 716 657 775 NATURA
680 714 983 775 REDEMPTORIS
1006 712 1200 775 HUMANA.
1254 806 1257 811 Ι

118 902 169 955 28.
191 896 340 954 Christum
363 894 464 952 Jesum
488 910 553 949 esse
567 890 791 968 Redemptorem
806 891 917 949 homini
940 893 1024 969 lapso
1046 892 1258 968 promissumct
1282 900 1284 971 j

80 1004 192 1070 patrum
207 991 416 1067 expectatione,
431 998 460 1046 et
473 988 674 1064 prophetanim
699 987 821 1045 oraculis
843 987 1028 1055 celebratum,
1053 987 1141 1044 exiis
1161 982 1256 1058 quala
1277 988 1284 1113 p'

82 1088 195 1147 Messia
209 1088 277 1144 alias
292 1085 480 1142 disseruimus
494 1092 615 1140 constat.
657 1082 734 1141 Eum
749 1083 845 1141 Deum
859 1102 923 1140 esse
943 1083 1140 1160 probavimus,
1153 1080 1253 1137 Verbum
1263 1088 1284 1159 i,

81 1184 192 1249 scilicet
204 1183 330 1240 divinum
344 1181 420 1238 Patri
433 1179 690 1236 consubstantiale:
709 1178 786 1251 quod
797 1198 954 1253 consonum
967 1190 1013 1235 est
1025 1177 1173 1235 vaticinio:
1189 1174 1255 1232 “lla-
1281 1162 1284 1181 ¹

81 1299 115 1337 us
129 1281 193 1353 ipse
208 1279 304 1334 veniet
317 1288 345 1334 et
359 1276 478 1332 salvabit
491 1275 589 1332 vos.”¹
629 1278 762 1334 Attamen
776 1276 942 1333 inhumana
956 1286 1055 1334 natura
1066 1294 1138 1352 opus
1152 1274 1253 1348 redemp
1273 1278 1284 1337 ',³

81 1376 167 1434 tionis
182 1387 226 1432 est
249 1386 405 1450 peractum,
431 1392 517 1446 quam
532 1391 598 1430 vere
624 1375 659 1431 ab
684 1375 749 1451 ipso
773 1385 937 1450 susceptam
958 1393 1023 1432 esse
1038 1373 1151 1432 credere
1172 1371 1253 1428 idcirco

82 1481 204 1548 oportet.

121 1571 170 1624 29.
193 1566 295 1622 Simon
321 1567 438 1641 Magus,
474 1566 656 1638 Saturninus,
690 1565 843 1633 Basilides,
870 1565 976 1632 Cerdo,
1003 1565 1144 1630 Marcion,
1165 1563 1254 1625 Manet,

83 1664 187 1735 aliique
209 1663 430 1720 incarnationem
456 1671 485 1720 et
510 1676 630 1721 mortem
646 1660 766 1722 Christi
781 1666 878 1740 specie
900 1673 1008 1722 tantum
1029 1665 1179 1749 contigisse
1199 1659 1255 1718 dioc·

83 1761 161 1827 bant,
177 1760 345 1835 mysterium
360 1760 463 1825 crucis,
486 1759 563 1831 quod
577 1759 642 1817 Deo
656 1761 792 1836 putabant
806 1760 965 1836 indignum,
984 1760 1041 1820 hac
1062 1760 1166 1816 ratione
1178 1771 1256 1813 eracu-

84 1867 174 1915 antes.
177 1862 189 1891 ⁹
211 1857 413 1914 Nascentem
402 1876 464 1934 Jam
475 1876 529 1914 suo
544 1867 671 1933 tempore
685 1857 816 1914 haeresim
828 1858 961 1933 Apostoli
972 1857 1094 1915 evellere
1106 1853 1255 1917 studuerunt,

85 1973 182 2012 veram
194 1954 416 2011 incarnationem
429 1964 582 2011 statuentes
595 1953 689 2010 verbis
700 1954 826 2010 maxime
842 1954 1001 2029 perspicuis
1015 1973 1022 2009 :
1050 1962 1069 1989 “
1080 1953 1200 2009 Verbum
1209 1963 1257 2006 cart

84 2051 191 2108 sactum
205 2048 294 2106 est.”⁸
335 2058 354 2085 ‘⁸
367 2048 469 2107 Ornnis
494 2049 617 2124 Spiritus
633 2050 683 2121 qui
705 2049 856 2106 confitetur
875 2049 977 2107 Jesurn
993 2049 1144 2106 Christum
1158 2048 1184 2104 in
1195 2056 1258 2103 catut

85 2147 210 2212 venisse,
226 2164 263 2203 ex
278 2146 341 2203 Deo
356 2157 417 2202 est:
440 2155 470 2202 et
482 2146 576 2203 omnis
592 2146 716 2221 Spiritus
729 2145 779 2217 qui
794 2146 879 2203 solvit
889 2145 990 2203 Jesurn
1003 2164 1041 2202 ex
1055 2145 1120 2202 Deo
1131 2136 1260 2202 nonest.'’⁴

86 2241 156 2299 Ideo
172 2243 203 2298 S.
221 2242 365 2299 lentarus
379 2251 454 2299 tanta
468 2261 534 2299 curn
548 2241 729 2298 vehementia
744 2242 889 2299 veritatem
904 2261 997 2299 rerum
1018 2250 1160 2318 gestarum
1176 2232 1261 2295 Christi

87 2337 220 2394 fidelibus
235 2336 460 2395 commendabat.
504 2346 523 2373 ‘¹
534 2337 669 2394 Obturate
691 2337 777 2413 igitur
790 2355 872 2394 aures
887 2346 1005 2404 vestras,
1027 2355 1093 2394 cunr
1109 2336 1187 2394 vobis
1204 2332 1264 2407 quis·

88 2434 167 2508 piam
182 2432 307 2504 loquitur
321 2433 383 2490 sine
397 2432 469 2490 Jesu
484 2431 613 2499 Christo,
628 2433 679 2504 qui
693 2451 730 2489 ex
744 2451 848 2508 genere
863 2433 993 2500 Davidis,
1007 2433 1057 2504 qni
1071 2452 1109 2490 ex
1123 2432 1218 2498 Maria,
1228 2425 1268 2502 qul

89 2546 155 2586 vere
169 2539 251 2586 natus
266 2539 319 2595 est,
347 2526 414 2595 edit,
441 2537 470 2585 et
482 2529 562 2595 bibit,
578 2546 643 2586 vere
666 2531 894 2605 persecutionem
917 2547 1018 2604 passus
1032 2537 1086 2595 est,
1107 2529 1160 2585 sub
1181 2525 1269 2586 Pontio

88 2621 192 2690 Pilato,
210 2642 274 2679 vere
289 2624 443 2680 crucifixus
458 2634 486 2680 et
500 2634 627 2681 mortuus
643 2633 695 2690 est,
723 2624 882 2680 videntibus
897 2626 1071 2692 caelestibus,
1098 2625 1278 2685 terrestribus,

89 2719 296 2775 subterraneis:
320 2723 412 2791 quiet
432 2739 497 2778 vere
523 2721 677 2778 resurrexit
694 2739 710 2776 a
732 2717 862 2787 mortuis,
878 2721 1063 2777 resuscitante
1087 2721 1183 2796 ipsum
1203 2720 1280 2778 Patre

88 2814 226 2889 ipsius”⁵

128 2914 176 2968 30.
201 2911 322 2967 Constat
336 2929 372 2967 ex
388 2912 443 2968 fide
460 2911 608 2969 Christum
625 2931 722 2969 revera
737 2931 863 2988 passum,
889 2920 917 2968 et
932 2912 1059 2986 proinde
1072 2912 1225 2970 humanam
1237 2929 1284 2969 na·

89 3015 180 3060 turam
195 3006 233 3060 ita
248 3025 263 3060 a
279 3005 375 3062 Verbo
397 3017 583 3081 assumptam,
606 3016 636 3063 ut
651 3008 709 3083 pati
724 3009 852 3080 morique
867 3019 974 3084 posset.
1018 3008 1122 3065 Utrum
1144 3021 1236 3066 autem
1250 3025 1284 3064 ex

89 3109 194 3155 naturae
209 3099 382 3165 conditione,
398 3103 444 3157 vel
459 3103 522 3177 lege
537 3104 767 3171 extraordinaria,
781 3119 808 3162 et
821 3106 948 3163 miraculi
963 3105 1061 3171 instar,
1074 3105 1219 3163 doloribus
1230 3105 1284 3162 sue·

88 3193 124 3249 rit
133 3194 279 3253 ‚obnoxius
292 3214 307 3249 a
321 3196 465 3251 nonnullis
489 3198 640 3267 quaesitum
656 3196 723 3254 est.u
764 3201 798 3258 In
813 3221 847 3258 ea
869 3220 968 3258 sumus
983 3203 1123 3258 sententia
1146 3202 1174 3259 id
1191 3202 1284 3259 tulisse

88 3298 194 3346 naturae
209 3288 411 3355 conditionem,
427 3294 496 3363 quin
512 3295 674 3352 necessitati
698 3296 748 3352 ulli
773 3299 933 3374 subjaceret
948 3298 1094 3366 Christus,
1110 3300 1218 3375 quippe
1239 3297 1284 3371 qui

88 3384 203 3442 nonnisi
219 3403 269 3459 pro
283 3385 434 3442 voluntatis
450 3405 508 3444 sure
523 3388 636 3446 arbitrio
651 3408 754 3465 passus
769 3403 823 3450 est.

128 3486 177 3540 31.
201 3481 504 3560 Incorrupticolarnm
518 3496 605 3553 secta,
621 3487 739 3545 Docetis
754 3490 893 3557 affinium,
908 3492 983 3548 circa
997 3510 1103 3548 aunum
1119 3494 1178 3548 519
1192 3500 1284 3549 exorta

88 3590 142 3648 est,
150 3581 168 3639 J
172 3582 266 3639 uliano
279 3581 498 3641 Halicarnasseo
510 3592 633 3651 auctore,
647 3586 696 3657 qui
710 3585 818 3643 Christi
830 3605 934 3661 corpus
946 3588 1094 3644 communi
1107 3599 1212 3645 nature
1223 3604 1284 3646 con·

88 3675 207 3743 ditione,
231 3696 287 3749 qna
301 3696 420 3752 corpora
433 3680 566 3736 continua
581 3679 745 3737 animalium
760 3689 788 3736 et
803 3681 931 3738 vitalium
953 3682 1073 3757 partium
1090 3682 1235 3740 functione
1249 3692 1284 3739 at·

90 3782 225 3840 teruntur,
240 3773 392 3831 eximebat.
435 3774 539 3854 Specie
553 3774 648 3854 igitur,
672 3793 730 3835 non
745 3794 851 3844 revera,
874 3777 899 3833 si
913 3777 970 3835 illis
994 3778 1134 3848 credatur,
1149 3765 1284 3837 esuriebalt

191 4014 228 4070 (l)
246 4009 322 4067 Isaiae,
334 4025 409 4059 xxxv.
421 4012 446 4059 4.

191 4100 229 4155 (2)
248 4096 343 4143 Docctae
354 4102 379 4143 et
390 4093 583 4155 Phontcar'cslre,
594 4095 685 4145 Grecis
696 4097 845 4158 nominibus,
855 4096 963 4163 plerique
976 4097 1127 4151 dicebantur.

192 4177 231 4237 (3)
248 4176 320 4224 Joau.
331 4175 347 4224 i.
362 4178 400 4226 14.

192 4263 230 4321 (4)
250 4261 261 4306 1
275 4256 346 4307 Joarr.
358 4259 390 4308 iv.
401 4263 425 4319 2,
438 4262 463 4308 3.

192 4347 230 4404 (ὁ)
248 4342 296 4405 Ep.
308 4341 337 4390 ad
350 4340 495 4392 Trallianos.

191 4429 232 4487 (6)
250 4426 315 4476 Vide
325 4426 439 4487 Patrone,
450 4434 517 4477 tract.
529 4427 560 4478 de
570 4428 749 4492 incantatione,
760 4446 785 4496 p.
795 4431 821 4482 ii.
831 4447 853 4482 c.
864 4431 889 4483 ii.
900 4448 948 4482 cor.
960 4432 993 4482 ir.
