<?xml version="1.0" encoding="UTF-8"?>
<!DOCTYPE html PUBLIC "-//W3C//DTD XHTML 1.0 Transitional//EN"
    "http://www.w3.org/TR/xhtml1/DTD/xhtml1-transitional.dtd">
<html xmlns="http://www.w3.org/1999/xhtml" xml:lang="en" lang="en">
 <head>
  <title>
</title>
<meta http-equiv="Content-Type" content="text/html;charset=utf-8" />
  <meta name='ocr-system' content='tesseract 3.04.00' />
  <meta name='ocr-capabilities' content='ocr_page ocr_carea ocr_par ocr_line ocrx_word'/>
</head>
<body>
  <div class='ocr_page' id='page_1' title='image "./theologidogmati01kenrgoog_0273.png"; bbox 0 0 2730 5018; ppageno 0'>
   <div class='ocr_carea' id='block_1_1' title="bbox 116 218 1093 321">
    <p class='ocr_par' dir='ltr' id='par_1_1' title="bbox 116 218 1093 321">
     <span class='ocr_line' id='line_1_1' title="bbox 116 218 1093 321; baseline -0.006 -1"><span class='ocrx_word' id='word_1_1' title='bbox 116 265 176 321; x_wconf 79' lang='lat' dir='ltr'><strong>sm</strong></span> <span class='ocrx_word' id='word_1_2' title='bbox 209 218 216 237; x_wconf 88' lang='lat'>&#39;</span> <span class='ocrx_word' id='word_1_3' title='bbox 343 257 401 319; x_wconf 81' lang='lat' dir='ltr'><strong>ns</strong></span> <span class='ocrx_word' id='word_1_4' title='bbox 421 255 572 318; x_wconf 78' lang='lat' dir='ltr'><strong>noers</strong></span> <span class='ocrx_word' id='word_1_5' title='bbox 594 254 765 317; x_wconf 79' lang='lat' dir='ltr'><strong>cumsrr</strong></span> <span class='ocrx_word' id='word_1_6' title='bbox 786 251 868 315; x_wconf 83' lang='lat' dir='ltr'><strong>rao</strong></span> <span class='ocrx_word' id='word_1_7' title='bbox 890 251 1093 317; x_wconf 82' lang='lat' dir='ltr'><strong>onnmue.</strong></span> 
     </span>
    </p>
   </div>
   <div class='ocr_carea' id='block_1_2' title="bbox 103 413 1350 1635">
    <p class='ocr_par' dir='ltr' id='par_1_2' title="bbox 157 413 588 479">
     <span class='ocr_line' id='line_1_2' title="bbox 157 413 588 479; baseline -0.007 -5"><span class='ocrx_word' id='word_1_8' title='bbox 157 414 308 479; x_wconf 73' lang='lat' dir='ltr'><strong>Probatur</strong></span> <span class='ocrx_word' id='word_1_9' title='bbox 323 414 365 472; x_wconf 91' lang='lat' dir='ltr'><strong>II.</strong></span> <span class='ocrx_word' id='word_1_10' title='bbox 382 432 418 474; x_wconf 77' lang='lat' dir='ltr'><strong>ec</strong></span> <span class='ocrx_word' id='word_1_11' title='bbox 431 413 588 473; x_wconf 83' lang='lat' dir='ltr'><strong>Patribus.</strong></span> 
     </span>
    </p>

    <p class='ocr_par' dir='ltr' id='par_1_3' title="bbox 103 501 1350 1635">
     <span class='ocr_line' id='line_1_3' title="bbox 159 501 1324 584; baseline -0.007 -14"><span class='ocrx_word' id='word_1_12' title='bbox 159 514 225 571; x_wconf 82' lang='lat' dir='ltr'><strong>leo.</strong></span> <span class='ocrx_word' id='word_1_13' title='bbox 247 512 280 568; x_wconf 83' lang='lat' dir='ltr'><strong>S.</strong></span> <span class='ocrx_word' id='word_1_14' title='bbox 297 509 472 568; x_wconf 78' lang='lat' dir='ltr'><strong>Crrnrnnus</strong></span> <span class='ocrx_word' id='word_1_15' title='bbox 494 510 654 568; x_wconf 76' lang='lat' dir='ltr'><strong>demonem</strong></span> <span class='ocrx_word' id='word_1_16' title='bbox 676 508 857 566; x_wconf 82' lang='lat' dir='ltr'><strong>Christianos</strong></span> <span class='ocrx_word' id='word_1_17' title='bbox 878 509 992 566; x_wconf 72' lang='lat' dir='ltr'><strong>aeternis</strong></span> <span class='ocrx_word' id='word_1_18' title='bbox 1014 505 1171 584; x_wconf 73' lang='lat' dir='ltr'><strong>suppliciis</strong></span> <span class='ocrx_word' id='word_1_19' title='bbox 1193 501 1324 562; x_wconf 79' lang='lat' dir='ltr'><strong>addictos</strong></span> 
     </span>
     <span class='ocr_line' id='line_1_4' title="bbox 118 600 1319 682; baseline -0.007 -17"><span class='ocrx_word' id='word_1_20' title='bbox 118 609 159 666; x_wconf 88' lang='lat' dir='ltr'><strong>sic</strong></span> <span class='ocrx_word' id='word_1_21' title='bbox 179 609 370 681; x_wconf 83' lang='lat' dir='ltr'><strong>alloquentem</strong></span> <span class='ocrx_word' id='word_1_22' title='bbox 392 606 517 664; x_wconf 83' lang='lat' dir='ltr'><strong>inducit:</strong></span> <span class='ocrx_word' id='word_1_23' title='bbox 548 607 643 682; x_wconf 82' lang='lat' dir='ltr'><strong>“Ego</strong></span> <span class='ocrx_word' id='word_1_24' title='bbox 664 624 716 682; x_wconf 88' lang='lat' dir='ltr'><strong>pro</strong></span> <span class='ocrx_word' id='word_1_25' title='bbox 737 606 799 662; x_wconf 87' lang='lat' dir='ltr'><strong>istis</strong></span> <span class='ocrx_word' id='word_1_26' title='bbox 820 623 892 677; x_wconf 83' lang='lat' dir='ltr'><strong>quos</strong></span> <span class='ocrx_word' id='word_1_27' title='bbox 908 623 1022 664; x_wconf 91' lang='lat' dir='ltr'><strong>mecum</strong></span> <span class='ocrx_word' id='word_1_28' title='bbox 1036 601 1202 671; x_wconf 83' lang='lat' dir='ltr'><strong>vides,&#39;nec</strong></span> <span class='ocrx_word' id='word_1_29' title='bbox 1224 600 1319 675; x_wconf 90' lang='lat' dir='ltr'><strong>alapas</strong></span> 
     </span>
     <span class='ocr_line' id='line_1_5' title="bbox 117 698 1350 782; baseline -0.005 -19"><span class='ocrx_word' id='word_1_30' title='bbox 117 705 227 782; x_wconf 88' lang='lat' dir='ltr'><strong>accepi,</strong></span> <span class='ocrx_word' id='word_1_31' title='bbox 249 722 303 762; x_wconf 91' lang='lat' dir='ltr'><strong>nec</strong></span> <span class='ocrx_word' id='word_1_32' title='bbox 332 703 443 779; x_wconf 86' lang='lat' dir='ltr'><strong>flagella</strong></span> <span class='ocrx_word' id='word_1_33' title='bbox 464 703 598 770; x_wconf 86' lang='lat' dir='ltr'><strong>sustinui,</strong></span> <span class='ocrx_word' id='word_1_34' title='bbox 619 720 673 760; x_wconf 88' lang='lat' dir='ltr'><strong>nec</strong></span> <span class='ocrx_word' id='word_1_35' title='bbox 701 720 813 759; x_wconf 86' lang='lat' dir='ltr'><strong>crucem</strong></span> <span class='ocrx_word' id='word_1_36' title='bbox 842 701 955 778; x_wconf 91' lang='lat' dir='ltr'><strong>pertuli,</strong></span> <span class='ocrx_word' id='word_1_37' title='bbox 976 719 1030 758; x_wconf 90' lang='lat' dir='ltr'><strong>nec</strong></span> <span class='ocrx_word' id='word_1_38' title='bbox 1058 698 1199 758; x_wconf 81' lang='lat' dir='ltr'><strong>familiam</strong></span> <span class='ocrx_word' id='word_1_39' title='bbox 1230 715 1319 757; x_wconf 86' lang='lat' dir='ltr'><strong>meatu</strong></span> <span class='ocrx_word' id='word_1_40' title='bbox 1347 766 1350 773; x_wconf 33' lang='grc' dir='ltr'>Ι</span> 
     </span>
     <span class='ocr_line' id='line_1_6' title="bbox 116 791 1316 877; baseline -0.005 -19"><span class='ocrx_word' id='word_1_41' title='bbox 116 801 209 877; x_wconf 88' lang='lat' dir='ltr'><strong>pretio</strong></span> <span class='ocrx_word' id='word_1_42' title='bbox 224 799 369 875; x_wconf 79' lang='lat' dir='ltr'><strong>passionis</strong></span> <span class='ocrx_word' id='word_1_43' title='bbox 384 808 412 855; x_wconf 91' lang='lat' dir='ltr'><strong>et</strong></span> <span class='ocrx_word' id='word_1_44' title='bbox 426 798 534 855; x_wconf 90' lang='lat' dir='ltr'><strong>cruoris</strong></span> <span class='ocrx_word' id='word_1_45' title='bbox 549 797 656 855; x_wconf 85' lang='lat' dir='ltr'><strong>redemi</strong></span> <span class='ocrx_word' id='word_1_46' title='bbox 671 816 678 865; x_wconf 73' lang='grc' dir='ltr'><strong>ς</strong></span> <span class='ocrx_word' id='word_1_47' title='bbox 700 796 751 854; x_wconf 87' lang='lat' dir='ltr'><strong>sed</strong></span> <span class='ocrx_word' id='word_1_48' title='bbox 765 815 818 854; x_wconf 91' lang='lat' dir='ltr'><strong>nec</strong></span> <span class='ocrx_word' id='word_1_49' title='bbox 831 815 949 874; x_wconf 83' lang='lat' dir='ltr'><strong>regnum</strong></span> <span class='ocrx_word' id='word_1_50' title='bbox 964 797 1077 854; x_wconf 76' lang='lat' dir='ltr'><strong>creleste</strong></span> <span class='ocrx_word' id='word_1_51' title='bbox 1090 795 1150 856; x_wconf 87' lang='lat' dir='ltr'><strong>illis</strong></span> <span class='ocrx_word' id='word_1_52' title='bbox 1172 791 1316 872; x_wconf 84' lang='lat' dir='ltr'><strong>promitto,</strong></span> 
     </span>
     <span class='ocr_line' id='line_1_7' title="bbox 116 889 1315 971; baseline -0.003 -19"><span class='ocrx_word' id='word_1_53' title='bbox 116 912 170 952; x_wconf 87' lang='lat' dir='ltr'><strong>nec</strong></span> <span class='ocrx_word' id='word_1_54' title='bbox 198 894 233 952; x_wconf 88' lang='lat' dir='ltr'><strong>ad</strong></span> <span class='ocrx_word' id='word_1_55' title='bbox 261 892 424 971; x_wconf 86' lang='lat' dir='ltr'><strong>paradisum</strong></span> <span class='ocrx_word' id='word_1_56' title='bbox 446 894 573 950; x_wconf 87' lang='lat' dir='ltr'><strong>restituta</strong></span> <span class='ocrx_word' id='word_1_57' title='bbox 598 893 806 951; x_wconf 90' lang='lat' dir='ltr'><strong>immortalitate</strong></span> <span class='ocrx_word' id='word_1_58' title='bbox 833 892 981 951; x_wconf 86' lang='lat' dir='ltr'><strong>revoco.”1</strong></span> <span class='ocrx_word' id='word_1_59' title='bbox 1035 890 1143 964; x_wconf 82' lang='lat' dir='ltr'><strong>Liquet</strong></span> <span class='ocrx_word' id='word_1_60' title='bbox 1161 907 1201 947; x_wconf 85' lang='lat' dir='ltr'><strong>ex</strong></span> <span class='ocrx_word' id='word_1_61' title='bbox 1230 889 1315 948; x_wconf 85' lang='lat' dir='ltr'><strong>sancti</strong></span> 
     </span>
     <span class='ocr_line' id='line_1_8' title="bbox 117 984 1340 1067; baseline -0.004 -22"><span class='ocrx_word' id='word_1_62' title='bbox 117 986 242 1046; x_wconf 88' lang='lat' dir='ltr'><strong>doctoris</strong></span> <span class='ocrx_word' id='word_1_63' title='bbox 269 996 374 1058; x_wconf 88' lang='lat' dir='ltr'><strong>mente,</strong></span> <span class='ocrx_word' id='word_1_64' title='bbox 405 996 434 1045; x_wconf 88' lang='lat' dir='ltr'><strong>et</strong></span> <span class='ocrx_word' id='word_1_65' title='bbox 461 987 517 1044; x_wconf 90' lang='lat' dir='ltr'><strong>fide</strong></span> <span class='ocrx_word' id='word_1_66' title='bbox 538 987 700 1054; x_wconf 86' lang='lat' dir='ltr'><strong>christiana,</strong></span> <span class='ocrx_word' id='word_1_67' title='bbox 727 985 877 1043; x_wconf 88' lang='lat' dir='ltr'><strong>Christum</strong></span> <span class='ocrx_word' id='word_1_68' title='bbox 903 1005 955 1062; x_wconf 94' lang='lat' dir='ltr'><strong>pro</strong></span> <span class='ocrx_word' id='word_1_69' title='bbox 985 986 1020 1043; x_wconf 93' lang='lat' dir='ltr'><strong>iis</strong></span> <span class='ocrx_word' id='word_1_70' title='bbox 1048 984 1178 1062; x_wconf 84' lang='lat' dir='ltr'><strong>reprobis</strong></span> <span class='ocrx_word' id='word_1_71' title='bbox 1208 1001 1340 1067; x_wconf 85' lang='lat' dir='ltr'><strong>crucem¹</strong></span> 
     </span>
     <span class='ocr_line' id='line_1_9' title="bbox 118 1079 1311 1162; baseline -0.003 -20"><span class='ocrx_word' id='word_1_72' title='bbox 118 1084 281 1162; x_wconf 86' lang='lat' dir='ltr'><strong>pertulisse,</strong></span> <span class='ocrx_word' id='word_1_73' title='bbox 303 1102 409 1155; x_wconf 88' lang='lat' dir='ltr'><strong>eosque</strong></span> <span class='ocrx_word' id='word_1_74' title='bbox 430 1084 475 1140; x_wconf 91' lang='lat' dir='ltr'><strong>sui</strong></span> <span class='ocrx_word' id='word_1_75' title='bbox 496 1084 641 1161; x_wconf 87' lang='lat' dir='ltr'><strong>sanguinis</strong></span> <span class='ocrx_word' id='word_1_76' title='bbox 662 1083 754 1160; x_wconf 91' lang='lat' dir='ltr'><strong>pretio</strong></span> <span class='ocrx_word' id='word_1_77' title='bbox 781 1082 947 1146; x_wconf 80' lang='lat' dir='ltr'><strong>redemisse:</strong></span> <span class='ocrx_word' id='word_1_78' title='bbox 970 1098 1055 1140; x_wconf 87' lang='lat' dir='ltr'><strong>secus</strong></span> <span class='ocrx_word' id='word_1_79' title='bbox 1075 1081 1105 1138; x_wconf 89' lang='lat' dir='ltr'><strong>vi</strong></span> <span class='ocrx_word' id='word_1_80' title='bbox 1133 1087 1243 1138; x_wconf 80' lang='lat' dir='ltr'><strong>careret</strong></span> <span class='ocrx_word' id='word_1_81' title='bbox 1267 1079 1311 1138; x_wconf 83' lang='lat' dir='ltr'><strong>illa</strong></span> 
     </span>
     <span class='ocr_line' id='line_1_10' title="bbox 119 1182 220 1240; baseline -0.02 0"><span class='ocrx_word' id='word_1_82' title='bbox 119 1182 220 1240; x_wconf 90' lang='lat' dir='ltr'><strong>oratio.</strong></span> 
     </span>
     <span class='ocr_line' id='line_1_11' title="bbox 103 1258 1311 1359; baseline -0.001 -26"><span class='ocrx_word' id='word_1_83' title='bbox 103 1298 143 1359; x_wconf 63' lang='lat'><strong>⁴}</strong></span> <span class='ocrx_word' id='word_1_84' title='bbox 164 1279 230 1333; x_wconf 81' lang='lat'>197.</span> <span class='ocrx_word' id='word_1_85' title='bbox 253 1275 286 1331; x_wconf 83' lang='lat' dir='ltr'><strong>S.</strong></span> <span class='ocrx_word' id='word_1_86' title='bbox 308 1276 499 1332; x_wconf 80' lang='lat' dir='ltr'><strong>Accusamus</strong></span> <span class='ocrx_word' id='word_1_87' title='bbox 526 1274 697 1352; x_wconf 82' lang='lat' dir='ltr'><strong>praelaudata</strong></span> <span class='ocrx_word' id='word_1_88' title='bbox 718 1275 860 1351; x_wconf 89' lang='lat' dir='ltr'><strong>Cypriani</strong></span> <span class='ocrx_word' id='word_1_89' title='bbox 889 1276 973 1333; x_wconf 86' lang='lat' dir='ltr'><strong>verba</strong></span> <span class='ocrx_word' id='word_1_90' title='bbox 997 1274 1073 1341; x_wconf 88' lang='lat' dir='ltr'><strong>citat,</strong></span> <span class='ocrx_word' id='word_1_91' title='bbox 1095 1280 1125 1330; x_wconf 89' lang='lat' dir='ltr'><strong>et</strong></span> <span class='ocrx_word' id='word_1_92' title='bbox 1150 1290 1204 1329; x_wconf 90' lang='lat' dir='ltr'><strong>sua</strong></span> <span class='ocrx_word' id='word_1_93' title='bbox 1231 1258 1311 1332; x_wconf 63' lang='lat' dir='ltr'><strong>lacit.³</strong></span> 
     </span>
     <span class='ocr_line' id='line_1_12' title="bbox 112 1362 1307 1451; baseline 0.001 -25"><span class='ocrx_word' id='word_1_94' title='bbox 112 1362 164 1435; x_wconf 64' lang='lat' dir='ltr'><strong>‘sse</strong></span> <span class='ocrx_word' id='word_1_95' title='bbox 192 1369 267 1428; x_wconf 85' lang='lat' dir='ltr'><strong>tuda</strong></span> <span class='ocrx_word' id='word_1_96' title='bbox 294 1371 351 1427; x_wconf 87' lang='lat' dir='ltr'><strong>ait:</strong></span> <span class='ocrx_word' id='word_1_97' title='bbox 388 1371 547 1447; x_wconf 82' lang='lat' dir='ltr'><strong>“Projecit</strong></span> <span class='ocrx_word' id='word_1_98' title='bbox 573 1372 649 1428; x_wconf 89' lang='lat' dir='ltr'><strong>enim</strong></span> <span class='ocrx_word' id='word_1_99' title='bbox 678 1372 800 1447; x_wconf 90' lang='lat' dir='ltr'><strong>pretium</strong></span> <span class='ocrx_word' id='word_1_100' title='bbox 829 1369 947 1447; x_wconf 78' lang='lat' dir='ltr'><strong>argenti,</strong></span> <span class='ocrx_word' id='word_1_101' title='bbox 970 1388 1027 1442; x_wconf 92' lang='lat' dir='ltr'><strong>quo</strong></span> <span class='ocrx_word' id='word_1_102' title='bbox 1048 1369 1082 1426; x_wconf 91' lang='lat' dir='ltr'><strong>ab</strong></span> <span class='ocrx_word' id='word_1_103' title='bbox 1103 1366 1307 1451; x_wconf 52' lang='lat' dir='ltr'><strong>illoJDotniuus</strong></span> 
     </span>
     <span class='ocr_line' id='line_1_13' title="bbox 123 1462 1308 1543; baseline -0.001 -21"><span class='ocrx_word' id='word_1_104' title='bbox 123 1465 257 1524; x_wconf 86' lang='lat' dir='ltr'><strong>venditus</strong></span> <span class='ocrx_word' id='word_1_105' title='bbox 279 1475 348 1533; x_wconf 88' lang='lat' dir='ltr'><strong>erat,</strong></span> <span class='ocrx_word' id='word_1_106' title='bbox 364 1485 416 1524; x_wconf 88' lang='lat' dir='ltr'><strong>nec</strong></span> <span class='ocrx_word' id='word_1_107' title='bbox 436 1468 552 1543; x_wconf 86' lang='lat' dir='ltr'><strong>agnovit</strong></span> <span class='ocrx_word' id='word_1_108' title='bbox 572 1469 635 1542; x_wconf 87' lang='lat' dir='ltr'><strong>ipse</strong></span> <span class='ocrx_word' id='word_1_109' title='bbox 651 1468 772 1543; x_wconf 90' lang='lat' dir='ltr'><strong>pretium</strong></span> <span class='ocrx_word' id='word_1_110' title='bbox 793 1486 850 1540; x_wconf 92' lang='lat' dir='ltr'><strong>quo</strong></span> <span class='ocrx_word' id='word_1_111' title='bbox 865 1486 881 1524; x_wconf 90' lang='lat' dir='ltr'><strong>a</strong></span> <span class='ocrx_word' id='word_1_112' title='bbox 895 1466 1021 1525; x_wconf 88' lang='lat' dir='ltr'><strong>Domino</strong></span> <span class='ocrx_word' id='word_1_113' title='bbox 1036 1464 1202 1540; x_wconf 89' lang='lat' dir='ltr'><strong>redemptus</strong></span> <span class='ocrx_word' id='word_1_114' title='bbox 1216 1462 1308 1529; x_wconf 62' lang='lat' dir='ltr'><strong>enall&#39;⁸</strong></span> 
     </span>
     <span class='ocr_line' id='line_1_14' title="bbox 119 1559 1303 1635; baseline 0.002 -16"><span class='ocrx_word' id='word_1_115' title='bbox 119 1559 314 1619; x_wconf 88' lang='lat' dir='ltr'><strong>Crucifixores</strong></span> <span class='ocrx_word' id='word_1_116' title='bbox 329 1580 397 1618; x_wconf 87' lang='lat' dir='ltr'><strong>suos</strong></span> <span class='ocrx_word' id='word_1_117' title='bbox 413 1562 546 1620; x_wconf 86' lang='lat' dir='ltr'><strong>Christus</strong></span> <span class='ocrx_word' id='word_1_118' title='bbox 561 1563 602 1619; x_wconf 91' lang='lat' dir='ltr'><strong>sic</strong></span> <span class='ocrx_word' id='word_1_119' title='bbox 617 1562 764 1635; x_wconf 87' lang='lat' dir='ltr'><strong>alloquens</strong></span> <span class='ocrx_word' id='word_1_120' title='bbox 779 1562 946 1619; x_wconf 82' lang='lat' dir='ltr'><strong>exhibetur:</strong></span> <span class='ocrx_word' id='word_1_121' title='bbox 963 1570 983 1597; x_wconf 81' lang='lat'><strong>‘⁴</strong></span> <span class='ocrx_word' id='word_1_122' title='bbox 997 1559 1108 1617; x_wconf 87' lang='lat' dir='ltr'><strong>Videtis</strong></span> <span class='ocrx_word' id='word_1_123' title='bbox 1122 1559 1303 1632; x_wconf 81' lang='lat' dir='ltr'><strong>vulneraque</strong></span> 
     </span>
    </p>
   </div>
   <div class='ocr_carea' id='block_1_3' title="bbox 16 1655 1315 1733">
    <p class='ocr_par' dir='ltr' id='par_1_4' title="bbox 16 1655 1315 1733">
     <span class='ocr_line' id='line_1_15' title="bbox 16 1655 1315 1733; baseline -0.001 -19"><span class='ocrx_word' id='word_1_124' title='bbox 16 1670 18 1675; x_wconf 85' lang='lat'>&#39;</span> <span class='ocrx_word' id='word_1_125' title='bbox 122 1655 281 1723; x_wconf 82' lang='lat' dir='ltr'><strong>inflixistis,</strong></span> <span class='ocrx_word' id='word_1_126' title='bbox 297 1656 452 1732; x_wconf 83' lang='lat' dir='ltr'><strong>agnoscitis</strong></span> <span class='ocrx_word' id='word_1_127' title='bbox 474 1656 547 1714; x_wconf 90' lang='lat' dir='ltr'><strong>latus</strong></span> <span class='ocrx_word' id='word_1_128' title='bbox 570 1655 646 1729; x_wconf 93' lang='lat' dir='ltr'><strong>quod</strong></span> <span class='ocrx_word' id='word_1_129' title='bbox 668 1657 851 1733; x_wconf 82' lang='lat' dir='ltr'><strong>pupugistie3</strong></span> <span class='ocrx_word' id='word_1_130' title='bbox 874 1656 1008 1729; x_wconf 88' lang='lat' dir='ltr'><strong>quoniam</strong></span> <span class='ocrx_word' id='word_1_131' title='bbox 1023 1673 1075 1732; x_wconf 89' lang='lat' dir='ltr'><strong>per</strong></span> <span class='ocrx_word' id='word_1_132' title='bbox 1088 1672 1140 1712; x_wconf 88' lang='lat' dir='ltr'><strong>vos</strong></span> <span class='ocrx_word' id='word_1_133' title='bbox 1153 1663 1183 1711; x_wconf 90' lang='lat' dir='ltr'><strong>et</strong></span> <span class='ocrx_word' id='word_1_134' title='bbox 1203 1664 1315 1731; x_wconf 81' lang='lat' dir='ltr'><strong>propter·</strong></span> 
     </span>
    </p>
   </div>
   <div class='ocr_carea' id='block_1_4' title="bbox 119 1750 1359 3836">
    <p class='ocr_par' dir='ltr' id='par_1_5' title="bbox 119 1750 1359 2493">
     <span class='ocr_line' id='line_1_16' title="bbox 120 1750 1323 1833; baseline -0.005 -24"><span class='ocrx_word' id='word_1_135' title='bbox 120 1771 172 1810; x_wconf 83' lang='lat' dir='ltr'><strong>vos</strong></span> <span class='ocrx_word' id='word_1_136' title='bbox 197 1762 324 1828; x_wconf 89' lang='lat' dir='ltr'><strong>apertum</strong></span> <span class='ocrx_word' id='word_1_137' title='bbox 347 1763 400 1821; x_wconf 86' lang='lat' dir='ltr'><strong>est,</strong></span> <span class='ocrx_word' id='word_1_138' title='bbox 415 1771 468 1810; x_wconf 90' lang='lat' dir='ltr'><strong>nec</strong></span> <span class='ocrx_word' id='word_1_139' title='bbox 490 1763 584 1810; x_wconf 88' lang='lat' dir='ltr'><strong>tamen</strong></span> <span class='ocrx_word' id='word_1_140' title='bbox 602 1753 707 1810; x_wconf 87' lang='lat' dir='ltr'><strong>intrare</strong></span> <span class='ocrx_word' id='word_1_141' title='bbox 722 1753 898 1811; x_wconf 83' lang='lat' dir='ltr'><strong>voluistis.”⁴</strong></span> <span class='ocrx_word' id='word_1_142' title='bbox 938 1750 1087 1809; x_wconf 83' lang='lat' dir='ltr'><strong>Herodem</strong></span> <span class='ocrx_word' id='word_1_143' title='bbox 1108 1751 1171 1827; x_wconf 90' lang='lat' dir='ltr'><strong>ipse</strong></span> <span class='ocrx_word' id='word_1_144' title='bbox 1187 1751 1323 1833; x_wconf 73' lang='lat' dir='ltr'><strong>Augusti.</strong></span> 
     </span>
     <span class='ocr_line' id='line_1_17' title="bbox 119 1847 1333 1929; baseline -0.001 -24"><span class='ocrx_word' id='word_1_145' title='bbox 119 1865 174 1906; x_wconf 87' lang='lat' dir='ltr'><strong>nus</strong></span> <span class='ocrx_word' id='word_1_146' title='bbox 196 1848 238 1904; x_wconf 88' lang='lat' dir='ltr'><strong>sic</strong></span> <span class='ocrx_word' id='word_1_147' title='bbox 259 1847 429 1919; x_wconf 84' lang='lat' dir='ltr'><strong>alloquitur:</strong></span> <span class='ocrx_word' id='word_1_148' title='bbox 467 1849 581 1905; x_wconf 85' lang='lat' dir='ltr'><strong>“Venit</strong></span> <span class='ocrx_word' id='word_1_149' title='bbox 595 1849 644 1921; x_wconf 89' lang='lat' dir='ltr'><strong>qui</strong></span> <span class='ocrx_word' id='word_1_150' title='bbox 666 1860 692 1906; x_wconf 91' lang='lat' dir='ltr'><strong>te</strong></span> <span class='ocrx_word' id='word_1_151' title='bbox 714 1847 842 1916; x_wconf 89' lang='lat' dir='ltr'><strong>redimat,</strong></span> <span class='ocrx_word' id='word_1_152' title='bbox 857 1856 886 1906; x_wconf 88' lang='lat' dir='ltr'><strong>et</strong></span> <span class='ocrx_word' id='word_1_153' title='bbox 905 1848 1043 1914; x_wconf 75' lang='lat' dir='ltr'><strong>turbaris:</strong></span> <span class='ocrx_word' id='word_1_154' title='bbox 1065 1856 1094 1925; x_wconf 80' lang='lat' dir='ltr'><strong>et</strong></span> <span class='ocrx_word' id='word_1_155' title='bbox 1115 1854 1182 1903; x_wconf 89' lang='lat' dir='ltr'><strong>tunc</strong></span> <span class='ocrx_word' id='word_1_156' title='bbox 1196 1863 1257 1904; x_wconf 91' lang='lat' dir='ltr'><strong>eum</strong></span> <span class='ocrx_word' id='word_1_157' title='bbox 1269 1847 1333 1929; x_wconf 70' lang='lat' dir='ltr'><strong>ris</strong></span> 
     </span>
     <span class='ocr_line' id='line_1_18' title="bbox 119 1928 1345 2019; baseline 0 -20"><span class='ocrx_word' id='word_1_158' title='bbox 119 1941 249 2019; x_wconf 87' lang='lat' dir='ltr'><strong>perdere,</strong></span> <span class='ocrx_word' id='word_1_159' title='bbox 278 1941 391 2014; x_wconf 89' lang='lat' dir='ltr'><strong>quando</strong></span> <span class='ocrx_word' id='word_1_160' title='bbox 426 1943 473 2000; x_wconf 91' lang='lat' dir='ltr'><strong>ille</strong></span> <span class='ocrx_word' id='word_1_161' title='bbox 501 1952 528 2000; x_wconf 90' lang='lat' dir='ltr'><strong>te</strong></span> <span class='ocrx_word' id='word_1_162' title='bbox 557 1943 698 2019; x_wconf 87' lang='lat' dir='ltr'><strong>disposuit</strong></span> <span class='ocrx_word' id='word_1_163' title='bbox 725 1943 852 2000; x_wconf 87' lang='lat' dir='ltr'><strong>liberare.</strong></span> <span class='ocrx_word' id='word_1_164' title='bbox 894 1943 946 2000; x_wconf 89' lang='lat' dir='ltr'><strong>Ille</strong></span> <span class='ocrx_word' id='word_1_165' title='bbox 975 1942 1025 2000; x_wconf 92' lang='lat' dir='ltr'><strong>tibi</strong></span> <span class='ocrx_word' id='word_1_166' title='bbox 1049 1941 1196 1999; x_wconf 85' lang='lat' dir='ltr'><strong>annuntiat</strong></span> <span class='ocrx_word' id='word_1_167' title='bbox 1219 1928 1345 2008; x_wconf 71' lang='lat' dir='ltr'><strong>¹Deum</strong></span> 
     </span>
     <span class='ocr_line' id='line_1_19' title="bbox 120 2019 1348 2112; baseline -0.002 -17"><span class='ocrx_word' id='word_1_168' title='bbox 120 2035 268 2095; x_wconf 86' lang='lat' dir='ltr'><strong>hominem</strong></span> <span class='ocrx_word' id='word_1_169' title='bbox 284 2037 446 2112; x_wconf 86' lang='lat' dir='ltr'><strong>suscepisse</strong></span> <span class='ocrx_word' id='word_1_170' title='bbox 461 2056 512 2112; x_wconf 91' lang='lat' dir='ltr'><strong>pro</strong></span> <span class='ocrx_word' id='word_1_171' title='bbox 527 2047 564 2104; x_wconf 91' lang='lat' dir='ltr'><strong>te,</strong></span> <span class='ocrx_word' id='word_1_172' title='bbox 580 2047 608 2093; x_wconf 90' lang='lat' dir='ltr'><strong>et</strong></span> <span class='ocrx_word' id='word_1_173' title='bbox 622 2037 708 2111; x_wconf 24' lang='lat' dir='ltr'><strong>tulvie</strong></span> <span class='ocrx_word' id='word_1_174' title='bbox 724 2019 841 2112; x_wconf 80' lang='lat' dir='ltr'><strong>perdere</strong></span> <span class='ocrx_word' id='word_1_175' title='bbox 856 2055 920 2094; x_wconf 91' lang='lat' dir='ltr'><strong>eum</strong></span> <span class='ocrx_word' id='word_1_176' title='bbox 936 2037 985 2110; x_wconf 89' lang='lat' dir='ltr'><strong>qui</strong></span> <span class='ocrx_word' id='word_1_177' title='bbox 1001 2034 1229 2094; x_wconf 59' lang='lat' dir='ltr'><strong>venit‘redimere</strong></span> <span class='ocrx_word' id='word_1_178' title='bbox 1243 2034 1306 2092; x_wconf 82' lang='lat' dir='ltr'><strong>te.&#39;‘</strong></span> <span class='ocrx_word' id='word_1_179' title='bbox 1316 2046 1348 2079; x_wconf 58' lang='grc' dir='ltr'><strong>ὅ</strong></span> 
     </span>
     <span class='ocr_line' id='line_1_20' title="bbox 119 2130 1351 2207; baseline 0.001 -17"><span class='ocrx_word' id='word_1_180' title='bbox 119 2130 165 2190; x_wconf 89' lang='lat' dir='ltr'><strong>De</strong></span> <span class='ocrx_word' id='word_1_181' title='bbox 180 2130 305 2204; x_wconf 89' lang='lat' dir='ltr'><strong>qualibet</strong></span> <span class='ocrx_word' id='word_1_182' title='bbox 318 2133 411 2188; x_wconf 90' lang='lat' dir='ltr'><strong>anima</strong></span> <span class='ocrx_word' id='word_1_183' title='bbox 429 2133 508 2207; x_wconf 82' lang='lat' dir='ltr'><strong>juste</strong></span> <span class='ocrx_word' id='word_1_184' title='bbox 522 2131 599 2189; x_wconf 86' lang='lat' dir='ltr'><strong>dicit.</strong></span> <span class='ocrx_word' id='word_1_185' title='bbox 643 2141 662 2168; x_wconf 83' lang='lat'><strong>‘⁸</strong></span> <span class='ocrx_word' id='word_1_186' title='bbox 676 2132 788 2207; x_wconf 86' lang='lat' dir='ltr'><strong>Sponsa</strong></span> <span class='ocrx_word' id='word_1_187' title='bbox 802 2141 855 2199; x_wconf 86' lang='lat' dir='ltr'><strong>est,</strong></span> <span class='ocrx_word' id='word_1_188' title='bbox 871 2141 898 2189; x_wconf 89' lang='lat' dir='ltr'><strong>at</strong></span> <span class='ocrx_word' id='word_1_189' title='bbox 918 2131 1028 2207; x_wconf 84' lang='lat' dir='ltr'><strong>accepit</strong></span> <span class='ocrx_word' id='word_1_190' title='bbox 1042 2130 1153 2189; x_wconf 88' lang='lat' dir='ltr'><strong>arrham</strong></span> <span class='ocrx_word' id='word_1_191' title='bbox 1174 2148 1351 2207; x_wconf 72' lang='lat' dir='ltr'><strong>maguum,</strong></span> 
     </span>
     <span class='ocr_line' id='line_1_21' title="bbox 120 2224 1355 2303; baseline 0.001 -21"><span class='ocrx_word' id='word_1_192' title='bbox 120 2226 291 2302; x_wconf 90' lang='lat' dir='ltr'><strong>sanguinem</strong></span> <span class='ocrx_word' id='word_1_193' title='bbox 318 2226 466 2301; x_wconf 78' lang='lat' dir='ltr'><strong>sponsi.’&#39;⁰</strong></span> <span class='ocrx_word' id='word_1_194' title='bbox 507 2226 622 2293; x_wconf 84' lang='lat' dir='ltr'><strong>“Quod</strong></span> <span class='ocrx_word' id='word_1_195' title='bbox 644 2227 748 2303; x_wconf 89' lang='lat' dir='ltr'><strong>pignus</strong></span> <span class='ocrx_word' id='word_1_196' title='bbox 776 2227 875 2284; x_wconf 80' lang='lat' dir='ltr'><strong>dediti</strong></span> <span class='ocrx_word' id='word_1_197' title='bbox 905 2226 1073 2302; x_wconf 88' lang='lat' dir='ltr'><strong>sanguinem</strong></span> <span class='ocrx_word' id='word_1_198' title='bbox 1094 2243 1180 2283; x_wconf 90' lang='lat' dir='ltr'><strong>suum</strong></span> <span class='ocrx_word' id='word_1_199' title='bbox 1201 2224 1355 2283; x_wconf 74' lang='lat' dir='ltr'><strong>ludit.&#39;&#39;³</strong></span> 
     </span>
     <span class='ocr_line' id='line_1_22' title="bbox 120 2320 1359 2399; baseline 0.002 -20"><span class='ocrx_word' id='word_1_200' title='bbox 120 2321 201 2397; x_wconf 86' lang='lat' dir='ltr'><strong>Ergo</strong></span> <span class='ocrx_word' id='word_1_201' title='bbox 218 2323 301 2396; x_wconf 85' lang='lat' dir='ltr'><strong>juxta</strong></span> <span class='ocrx_word' id='word_1_202' title='bbox 314 2322 506 2397; x_wconf 83' lang='lat' dir='ltr'><strong>Augustinum</strong></span> <span class='ocrx_word' id='word_1_203' title='bbox 522 2320 632 2379; x_wconf 86' lang='lat' dir='ltr'><strong>Christi</strong></span> <span class='ocrx_word' id='word_1_204' title='bbox 646 2324 762 2399; x_wconf 86' lang='lat' dir='ltr'><strong>sanguis</strong></span> <span class='ocrx_word' id='word_1_205' title='bbox 775 2323 854 2380; x_wconf 87' lang='lat' dir='ltr'><strong>susus</strong></span> <span class='ocrx_word' id='word_1_206' title='bbox 876 2331 920 2379; x_wconf 90' lang='lat' dir='ltr'><strong>est</strong></span> <span class='ocrx_word' id='word_1_207' title='bbox 933 2341 985 2398; x_wconf 88' lang='lat' dir='ltr'><strong>pro</strong></span> <span class='ocrx_word' id='word_1_208' title='bbox 1001 2323 1089 2398; x_wconf 88' lang='lat' dir='ltr'><strong>justis</strong></span> <span class='ocrx_word' id='word_1_209' title='bbox 1107 2321 1252 2389; x_wconf 87' lang='lat' dir='ltr'><strong>omnibus,</strong></span> <span class='ocrx_word' id='word_1_210' title='bbox 1264 2325 1359 2394; x_wconf 36' lang='lat' dir='ltr'><strong>*qui</strong></span> 
     </span>
     <span class='ocr_line' id='line_1_23' title="bbox 121 2415 1129 2493; baseline -0.001 -20"><span class='ocrx_word' id='word_1_211' title='bbox 121 2425 215 2474; x_wconf 86' lang='lat' dir='ltr'><strong>tamen</strong></span> <span class='ocrx_word' id='word_1_212' title='bbox 230 2434 288 2473; x_wconf 90' lang='lat' dir='ltr'><strong>non</strong></span> <span class='ocrx_word' id='word_1_213' title='bbox 303 2426 369 2473; x_wconf 84' lang='lat' dir='ltr'><strong>sunt</strong></span> <span class='ocrx_word' id='word_1_214' title='bbox 382 2434 483 2474; x_wconf 85' lang='lat' dir='ltr'><strong>omnes</strong></span> <span class='ocrx_word' id='word_1_215' title='bbox 499 2415 709 2492; x_wconf 74' lang='lat' dir='ltr'><strong>predestinati:</strong></span> <span class='ocrx_word' id='word_1_216' title='bbox 733 2418 791 2475; x_wconf 88' lang='lat' dir='ltr'><strong>imo</strong></span> <span class='ocrx_word' id='word_1_217' title='bbox 806 2437 858 2493; x_wconf 89' lang='lat' dir='ltr'><strong>pro</strong></span> <span class='ocrx_word' id='word_1_218' title='bbox 873 2416 991 2474; x_wconf 87' lang='lat' dir='ltr'><strong>Herode</strong></span> <span class='ocrx_word' id='word_1_219' title='bbox 1005 2427 1033 2473; x_wconf 91' lang='lat' dir='ltr'><strong>et</strong></span> <span class='ocrx_word' id='word_1_220' title='bbox 1044 2415 1129 2473; x_wconf 87' lang='lat' dir='ltr'><strong>Juds.</strong></span> 
     </span>
    </p>

    <p class='ocr_par' dir='ltr' id='par_1_6' title="bbox 167 2507 1209 2572">
     <span class='ocr_line' id='line_1_24' title="bbox 167 2507 1209 2572; baseline 0.001 -3"><span class='ocrx_word' id='word_1_221' title='bbox 167 2510 319 2570; x_wconf 79' lang='lat' dir='ltr'><strong>Probatur</strong></span> <span class='ocrx_word' id='word_1_222' title='bbox 331 2511 392 2570; x_wconf 86' lang='lat' dir='ltr'><em>III.</em></span> <span class='ocrx_word' id='word_1_223' title='bbox 408 2512 526 2571; x_wconf 83' lang='lat' dir='ltr'><strong>concilii</strong></span> <span class='ocrx_word' id='word_1_224' title='bbox 539 2511 657 2571; x_wconf 62' lang='lat' dir='ltr'><strong>niceni</strong></span> <span class='ocrx_word' id='word_1_225' title='bbox 671 2514 857 2572; x_wconf 82' lang='lat' dir='ltr'><strong>auctoritate.</strong></span> <span class='ocrx_word' id='word_1_226' title='bbox 1202 2507 1209 2514; x_wconf 60' lang='grc'><strong>“</strong></span> 
     </span>
    </p>

    <p class='ocr_par' dir='ltr' id='par_1_7' title="bbox 121 2607 1351 2970">
     <span class='ocr_line' id='line_1_25' title="bbox 164 2607 1351 2685; baseline 0.007 -21"><span class='ocrx_word' id='word_1_227' title='bbox 164 2611 231 2665; x_wconf 85' lang='grc'><strong>198.</strong></span> <span class='ocrx_word' id='word_1_228' title='bbox 253 2607 417 2666; x_wconf 87' lang='lat' dir='ltr'><strong>Concilium</strong></span> <span class='ocrx_word' id='word_1_229' title='bbox 435 2609 585 2667; x_wconf 81' lang='lat' dir='ltr'><strong>Nicaenum</strong></span> <span class='ocrx_word' id='word_1_230' title='bbox 608 2610 771 2684; x_wconf 85' lang='lat' dir='ltr'><strong>symbolum</strong></span> <span class='ocrx_word' id='word_1_231' title='bbox 787 2611 825 2667; x_wconf 92' lang='lat' dir='ltr'><strong>ita</strong></span> <span class='ocrx_word' id='word_1_232' title='bbox 839 2610 983 2667; x_wconf 86' lang='lat' dir='ltr'><strong>recitavit:</strong></span> <span class='ocrx_word' id='word_1_233' title='bbox 1017 2609 1109 2676; x_wconf 84' lang='lat' dir='ltr'><strong>“Qui</strong></span> <span class='ocrx_word' id='word_1_234' title='bbox 1130 2616 1248 2685; x_wconf 90' lang='lat' dir='ltr'><strong>propter</strong></span> <span class='ocrx_word' id='word_1_235' title='bbox 1268 2627 1351 2672; x_wconf 87' lang='lat' dir='ltr'><strong>nos</strong></span> 
     </span>
     <span class='ocr_line' id='line_1_26' title="bbox 121 2702 1342 2778; baseline 0 -18"><span class='ocrx_word' id='word_1_236' title='bbox 121 2702 265 2769; x_wconf 90' lang='lat' dir='ltr'><strong>homines,</strong></span> <span class='ocrx_word' id='word_1_237' title='bbox 281 2713 309 2759; x_wconf 87' lang='lat' dir='ltr'><strong>et</strong></span> <span class='ocrx_word' id='word_1_238' title='bbox 324 2712 439 2778; x_wconf 92' lang='lat' dir='ltr'><strong>propter</strong></span> <span class='ocrx_word' id='word_1_239' title='bbox 453 2713 578 2761; x_wconf 88' lang='lat' dir='ltr'><strong>nostram</strong></span> <span class='ocrx_word' id='word_1_240' title='bbox 593 2704 713 2761; x_wconf 89' lang='lat' dir='ltr'><strong>salutem</strong></span> <span class='ocrx_word' id='word_1_241' title='bbox 735 2703 881 2761; x_wconf 89' lang='lat' dir='ltr'><strong>descendit</strong></span> <span class='ocrx_word' id='word_1_242' title='bbox 894 2705 929 2761; x_wconf 92' lang='lat' dir='ltr'><strong>de</strong></span> <span class='ocrx_word' id='word_1_243' title='bbox 950 2704 1041 2771; x_wconf 89' lang='lat' dir='ltr'><strong>coelis,</strong></span> <span class='ocrx_word' id='word_1_244' title='bbox 1059 2704 1214 2762; x_wconf 83' lang='lat' dir='ltr'><strong>crucifixus</strong></span> <span class='ocrx_word' id='word_1_245' title='bbox 1236 2705 1342 2767; x_wconf 76' lang='lat' dir='ltr'><strong>etiam</strong></span> 
     </span>
     <span class='ocr_line' id='line_1_27' title="bbox 122 2795 1330 2874; baseline 0.006 -21"><span class='ocrx_word' id='word_1_246' title='bbox 122 2816 174 2873; x_wconf 92' lang='lat' dir='ltr'><strong>pro</strong></span> <span class='ocrx_word' id='word_1_247' title='bbox 204 2795 319 2854; x_wconf 83' lang='lat' dir='ltr'><strong>nobis.’&#39;</strong></span> <span class='ocrx_word' id='word_1_248' title='bbox 360 2797 472 2873; x_wconf 83' lang='lat' dir='ltr'><strong>Singuli</strong></span> <span class='ocrx_word' id='word_1_249' title='bbox 498 2797 596 2854; x_wconf 85' lang='lat' dir='ltr'><strong>fideles</strong></span> <span class='ocrx_word' id='word_1_250' title='bbox 624 2798 711 2855; x_wconf 89' lang='lat' dir='ltr'><strong>fidem</strong></span> <span class='ocrx_word' id='word_1_251' title='bbox 732 2818 817 2872; x_wconf 90' lang='lat' dir='ltr'><strong>quam</strong></span> <span class='ocrx_word' id='word_1_252' title='bbox 838 2799 1003 2874; x_wconf 86' lang='lat' dir='ltr'><strong>symbolum</strong></span> <span class='ocrx_word' id='word_1_253' title='bbox 1024 2798 1171 2873; x_wconf 85' lang='lat' dir='ltr'><strong>exprimit,</strong></span> <span class='ocrx_word' id='word_1_254' title='bbox 1192 2799 1330 2874; x_wconf 83' lang='lat' dir='ltr'><strong>profiteri</strong></span> 
     </span>
     <span class='ocr_line' id='line_1_28' title="bbox 122 2890 1103 2970; baseline 0.001 -21"><span class='ocrx_word' id='word_1_255' title='bbox 122 2902 270 2950; x_wconf 91' lang='lat' dir='ltr'><strong>tenentur:</strong></span> <span class='ocrx_word' id='word_1_256' title='bbox 294 2911 364 2969; x_wconf 92' lang='lat' dir='ltr'><strong>ergo</strong></span> <span class='ocrx_word' id='word_1_257' title='bbox 376 2892 489 2950; x_wconf 89' lang='lat' dir='ltr'><strong>credere</strong></span> <span class='ocrx_word' id='word_1_258' title='bbox 505 2890 608 2949; x_wconf 88' lang='lat' dir='ltr'><strong>debent</strong></span> <span class='ocrx_word' id='word_1_259' title='bbox 623 2892 770 2950; x_wconf 86' lang='lat' dir='ltr'><strong>Christum</strong></span> <span class='ocrx_word' id='word_1_260' title='bbox 786 2914 837 2970; x_wconf 91' lang='lat' dir='ltr'><strong>pro</strong></span> <span class='ocrx_word' id='word_1_261' title='bbox 852 2913 882 2952; x_wconf 88' lang='lat' dir='ltr'><strong>se</strong></span> <span class='ocrx_word' id='word_1_262' title='bbox 898 2912 1012 2969; x_wconf 86' lang='lat' dir='ltr'><strong>passum</strong></span> <span class='ocrx_word' id='word_1_263' title='bbox 1028 2911 1103 2950; x_wconf 82' lang='lat' dir='ltr'><strong>esse.</strong></span> 
     </span>
    </p>

    <p class='ocr_par' dir='ltr' id='par_1_8' title="bbox 168 2987 794 3066">
     <span class='ocr_line' id='line_1_29' title="bbox 168 2987 794 3066; baseline 0 -20"><span class='ocrx_word' id='word_1_264' title='bbox 168 2989 322 3046; x_wconf 81' lang='lat' dir='ltr'><strong>Probatur</strong></span> <span class='ocrx_word' id='word_1_265' title='bbox 337 2987 392 3045; x_wconf 82' lang='lat' dir='ltr'><strong>IV.</strong></span> <span class='ocrx_word' id='word_1_266' title='bbox 410 2989 576 3046; x_wconf 84' lang='lat' dir='ltr'><strong>rationibus</strong></span> <span class='ocrx_word' id='word_1_267' title='bbox 595 2988 794 3066; x_wconf 84' lang='lat' dir='ltr'><strong>Theologicis.</strong></span> 
     </span>
    </p>

    <p class='ocr_par' dir='ltr' id='par_1_9' title="bbox 121 3083 1323 3836">
     <span class='ocr_line' id='line_1_30' title="bbox 164 3083 1308 3160; baseline 0 -22"><span class='ocrx_word' id='word_1_268' title='bbox 164 3086 230 3139; x_wconf 83' lang='lat'><strong>199.</strong></span> <span class='ocrx_word' id='word_1_269' title='bbox 248 3083 315 3139; x_wconf 90' lang='lat' dir='ltr'><strong>Nisi</strong></span> <span class='ocrx_word' id='word_1_270' title='bbox 326 3083 459 3140; x_wconf 85' lang='lat' dir='ltr'><strong>Christus</strong></span> <span class='ocrx_word' id='word_1_271' title='bbox 471 3094 598 3140; x_wconf 90' lang='lat' dir='ltr'><strong>mortuus</strong></span> <span class='ocrx_word' id='word_1_272' title='bbox 608 3084 645 3139; x_wconf 85' lang='lat' dir='ltr'><strong>sit</strong></span> <span class='ocrx_word' id='word_1_273' title='bbox 654 3103 706 3159; x_wconf 93' lang='lat' dir='ltr'><strong>pro</strong></span> <span class='ocrx_word' id='word_1_274' title='bbox 718 3085 837 3141; x_wconf 90' lang='lat' dir='ltr'><strong>aliorum</strong></span> <span class='ocrx_word' id='word_1_275' title='bbox 849 3095 949 3160; x_wconf 87' lang='lat' dir='ltr'><strong>praeter</strong></span> <span class='ocrx_word' id='word_1_276' title='bbox 960 3083 1065 3142; x_wconf 85' lang='lat' dir='ltr'><strong>electos</strong></span> <span class='ocrx_word' id='word_1_277' title='bbox 1076 3084 1178 3152; x_wconf 85' lang='lat' dir='ltr'><strong>salute,</strong></span> <span class='ocrx_word' id='word_1_278' title='bbox 1190 3084 1254 3160; x_wconf 85' lang='lat' dir='ltr'><strong>spei</strong></span> <span class='ocrx_word' id='word_1_279' title='bbox 1267 3088 1308 3148; x_wconf 88' lang='lat' dir='ltr'><strong>tol.</strong></span> 
     </span>
     <span class='ocr_line' id='line_1_31' title="bbox 121 3176 1308 3255; baseline 0.005 -19"><span class='ocrx_word' id='word_1_280' title='bbox 121 3179 188 3236; x_wconf 88' lang='lat' dir='ltr'><strong>litur</strong></span> <span class='ocrx_word' id='word_1_281' title='bbox 199 3176 424 3244; x_wconf 82' lang='lat' dir='ltr'><strong>fundamentum,</strong></span> <span class='ocrx_word' id='word_1_282' title='bbox 436 3188 465 3234; x_wconf 90' lang='lat' dir='ltr'><strong>et</strong></span> <span class='ocrx_word' id='word_1_283' title='bbox 478 3176 620 3234; x_wconf 84' lang='lat' dir='ltr'><strong>charitatis</strong></span> <span class='ocrx_word' id='word_1_284' title='bbox 632 3179 764 3236; x_wconf 86' lang='lat' dir='ltr'><strong>stimulus</strong></span> <span class='ocrx_word' id='word_1_285' title='bbox 776 3178 856 3236; x_wconf 89' lang='lat' dir='ltr'><strong>deest</strong></span> <span class='ocrx_word' id='word_1_286' title='bbox 869 3199 876 3245; x_wconf 91' lang='lat'>;</span> <span class='ocrx_word' id='word_1_287' title='bbox 899 3198 983 3238; x_wconf 90' lang='lat' dir='ltr'><strong>nemo</strong></span> <span class='ocrx_word' id='word_1_288' title='bbox 1006 3181 1113 3255; x_wconf 78' lang='lat' dir='ltr'><strong>quippe</strong></span> <span class='ocrx_word' id='word_1_289' title='bbox 1128 3190 1207 3236; x_wconf 88' lang='lat' dir='ltr'><strong>certo</strong></span> <span class='ocrx_word' id='word_1_290' title='bbox 1223 3179 1308 3242; x_wconf 85' lang='lat' dir='ltr'><strong>dicere</strong></span> 
     </span>
     <span class='ocr_line' id='line_1_32' title="bbox 123 3269 1311 3350; baseline 0.005 -22"><span class='ocrx_word' id='word_1_291' title='bbox 123 3272 243 3348; x_wconf 87' lang='lat' dir='ltr'><strong>poterit:</strong></span> <span class='ocrx_word' id='word_1_292' title='bbox 281 3280 300 3305; x_wconf 80' lang='lat'><strong>‘⁶</strong></span> <span class='ocrx_word' id='word_1_293' title='bbox 311 3271 344 3326; x_wconf 89' lang='lat' dir='ltr'><strong>In</strong></span> <span class='ocrx_word' id='word_1_294' title='bbox 359 3269 414 3326; x_wconf 89' lang='lat' dir='ltr'><strong>fide</strong></span> <span class='ocrx_word' id='word_1_295' title='bbox 429 3271 494 3327; x_wconf 89' lang='lat' dir='ltr'><strong>vivo</strong></span> <span class='ocrx_word' id='word_1_296' title='bbox 509 3271 560 3326; x_wconf 89' lang='lat' dir='ltr'><strong>filii</strong></span> <span class='ocrx_word' id='word_1_297' title='bbox 575 3271 640 3339; x_wconf 87' lang='lat' dir='ltr'><strong>Dei,</strong></span> <span class='ocrx_word' id='word_1_298' title='bbox 656 3274 706 3343; x_wconf 90' lang='lat' dir='ltr'><strong>qui</strong></span> <span class='ocrx_word' id='word_1_299' title='bbox 721 3272 820 3329; x_wconf 82' lang='lat' dir='ltr'><strong>dilexit</strong></span> <span class='ocrx_word' id='word_1_300' title='bbox 834 3292 879 3330; x_wconf 90' lang='lat' dir='ltr'><strong>me</strong></span> <span class='ocrx_word' id='word_1_301' title='bbox 894 3283 922 3330; x_wconf 90' lang='lat' dir='ltr'><strong>et</strong></span> <span class='ocrx_word' id='word_1_302' title='bbox 937 3274 1047 3331; x_wconf 88' lang='lat' dir='ltr'><strong>tradidit</strong></span> <span class='ocrx_word' id='word_1_303' title='bbox 1061 3274 1251 3348; x_wconf 87' lang='lat' dir='ltr'><strong>semetipsum</strong></span> <span class='ocrx_word' id='word_1_304' title='bbox 1266 3293 1311 3350; x_wconf 89' lang='lat' dir='ltr'><strong>pro</strong></span> 
     </span>
     <span class='ocr_line' id='line_1_33' title="bbox 121 3364 1314 3441; baseline 0.005 -18"><span class='ocrx_word' id='word_1_305' title='bbox 121 3365 214 3426; x_wconf 86' lang='lat' dir='ltr'><strong>me.&#39;’³</strong></span> <span class='ocrx_word' id='word_1_306' title='bbox 254 3365 329 3421; x_wconf 88' lang='lat' dir='ltr'><strong>Tota</strong></span> <span class='ocrx_word' id='word_1_307' title='bbox 344 3364 438 3421; x_wconf 77' lang='lat' dir='ltr'><strong>divina</strong></span> <span class='ocrx_word' id='word_1_308' title='bbox 453 3366 612 3422; x_wconf 84' lang='lat' dir='ltr'><strong>oeconomia</strong></span> <span class='ocrx_word' id='word_1_309' title='bbox 626 3385 661 3424; x_wconf 90' lang='lat' dir='ltr'><strong>eo</strong></span> <span class='ocrx_word' id='word_1_310' title='bbox 675 3367 834 3434; x_wconf 88' lang='lat' dir='ltr'><strong>reducetur,</strong></span> <span class='ocrx_word' id='word_1_311' title='bbox 847 3379 877 3426; x_wconf 90' lang='lat' dir='ltr'><strong>ut</strong></span> <span class='ocrx_word' id='word_1_312' title='bbox 890 3368 988 3425; x_wconf 89' lang='lat' dir='ltr'><strong>electis</strong></span> <span class='ocrx_word' id='word_1_313' title='bbox 1003 3368 1118 3440; x_wconf 91' lang='lat' dir='ltr'><strong>quidem</strong></span> <span class='ocrx_word' id='word_1_314' title='bbox 1134 3368 1212 3424; x_wconf 88' lang='lat' dir='ltr'><strong>salus</strong></span> <span class='ocrx_word' id='word_1_315' title='bbox 1227 3367 1314 3441; x_wconf 87' lang='lat' dir='ltr'><strong>detur,</strong></span> 
     </span>
     <span class='ocr_line' id='line_1_34' title="bbox 122 3461 1318 3539; baseline 0.004 -20"><span class='ocrx_word' id='word_1_316' title='bbox 122 3461 172 3520; x_wconf 90' lang='lat' dir='ltr'><strong>sed</strong></span> <span class='ocrx_word' id='word_1_317' title='bbox 183 3461 318 3536; x_wconf 65' lang='lat' dir='ltr'><strong>reprobis</strong></span> <span class='ocrx_word' id='word_1_318' title='bbox 326 3469 442 3518; x_wconf 89' lang='lat' dir='ltr'><strong>externa</strong></span> <span class='ocrx_word' id='word_1_319' title='bbox 450 3467 555 3518; x_wconf 89' lang='lat' dir='ltr'><strong>tantum</strong></span> <span class='ocrx_word' id='word_1_320' title='bbox 565 3461 701 3530; x_wconf 88' lang='lat' dir='ltr'><strong>subsidia,</strong></span> <span class='ocrx_word' id='word_1_321' title='bbox 710 3463 754 3519; x_wconf 91' lang='lat' dir='ltr'><strong>vel</strong></span> <span class='ocrx_word' id='word_1_322' title='bbox 763 3463 847 3521; x_wconf 86' lang='lat' dir='ltr'><strong>etiam</strong></span> <span class='ocrx_word' id='word_1_323' title='bbox 857 3463 966 3522; x_wconf 90' lang='lat' dir='ltr'><strong>interna</strong></span> <span class='ocrx_word' id='word_1_324' title='bbox 975 3463 1009 3520; x_wconf 89' lang='lat' dir='ltr'><strong>ad</strong></span> <span class='ocrx_word' id='word_1_325' title='bbox 1025 3473 1148 3539; x_wconf 74' lang='lat' dir='ltr'><strong>tempuS,</strong></span> <span class='ocrx_word' id='word_1_326' title='bbox 1159 3463 1238 3520; x_wconf 89' lang='lat' dir='ltr'><strong>nullo</strong></span> <span class='ocrx_word' id='word_1_327' title='bbox 1246 3464 1318 3524; x_wconf 85' lang='lat' dir='ltr'><strong>salu·</strong></span> 
     </span>
     <span class='ocr_line' id='line_1_35' title="bbox 122 3555 1315 3634; baseline 0.004 -20"><span class='ocrx_word' id='word_1_328' title='bbox 122 3557 158 3615; x_wconf 86' lang='lat' dir='ltr'><strong>tis</strong></span> <span class='ocrx_word' id='word_1_329' title='bbox 170 3555 268 3614; x_wconf 84' lang='lat' dir='ltr'><strong>dandae</strong></span> <span class='ocrx_word' id='word_1_330' title='bbox 278 3556 409 3614; x_wconf 90' lang='lat' dir='ltr'><strong>consilio.</strong></span> <span class='ocrx_word' id='word_1_331' title='bbox 452 3557 525 3616; x_wconf 83' lang='lat' dir='ltr'><strong>Haec</strong></span> <span class='ocrx_word' id='word_1_332' title='bbox 541 3560 634 3616; x_wconf 92' lang='lat' dir='ltr'><strong>Deum</strong></span> <span class='ocrx_word' id='word_1_333' title='bbox 645 3558 804 3615; x_wconf 90' lang='lat' dir='ltr'><strong>beneficum</strong></span> <span class='ocrx_word' id='word_1_334' title='bbox 814 3577 879 3634; x_wconf 91' lang='lat' dir='ltr'><strong>erga</strong></span> <span class='ocrx_word' id='word_1_335' title='bbox 889 3559 951 3615; x_wconf 90' lang='lat' dir='ltr'><strong>illos</strong></span> <span class='ocrx_word' id='word_1_336' title='bbox 961 3568 1068 3633; x_wconf 89' lang='lat' dir='ltr'><strong>patrem</strong></span> <span class='ocrx_word' id='word_1_337' title='bbox 1084 3575 1140 3614; x_wconf 90' lang='lat' dir='ltr'><strong>non</strong></span> <span class='ocrx_word' id='word_1_338' title='bbox 1151 3557 1315 3629; x_wconf 89' lang='lat' dir='ltr'><strong>ostendunt,</strong></span> 
     </span>
     <span class='ocr_line' id='line_1_36' title="bbox 122 3650 1323 3729; baseline 0.001 -19"><span class='ocrx_word' id='word_1_339' title='bbox 122 3651 173 3710; x_wconf 86' lang='lat' dir='ltr'><strong>sed</strong></span> <span class='ocrx_word' id='word_1_340' title='bbox 183 3650 310 3729; x_wconf 88' lang='lat' dir='ltr'><strong>judicem</strong></span> <span class='ocrx_word' id='word_1_341' title='bbox 326 3652 456 3722; x_wconf 91' lang='lat' dir='ltr'><strong>iniquum</strong></span> <span class='ocrx_word' id='word_1_342' title='bbox 471 3654 613 3727; x_wconf 90' lang='lat' dir='ltr'><strong>potius‚et</strong></span> <span class='ocrx_word' id='word_1_343' title='bbox 624 3653 777 3721; x_wconf 90' lang='lat' dir='ltr'><strong>irrisorem,</strong></span> <span class='ocrx_word' id='word_1_344' title='bbox 791 3654 840 3726; x_wconf 89' lang='lat' dir='ltr'><strong>qui</strong></span> <span class='ocrx_word' id='word_1_345' title='bbox 850 3653 947 3710; x_wconf 83' lang='lat' dir='ltr'><strong>salutis</strong></span> <span class='ocrx_word' id='word_1_346' title='bbox 962 3671 1044 3728; x_wconf 89' lang='lat' dir='ltr'><strong>spem</strong></span> <span class='ocrx_word' id='word_1_347' title='bbox 1058 3652 1192 3709; x_wconf 88' lang='lat' dir='ltr'><strong>omuibus</strong></span> <span class='ocrx_word' id='word_1_348' title='bbox 1203 3651 1323 3727; x_wconf 73' lang='lat' dir='ltr'><strong>prebet,</strong></span> 
     </span>
     <span class='ocr_line' id='line_1_37' title="bbox 122 3746 873 3836; baseline -0.001 -31"><span class='ocrx_word' id='word_1_349' title='bbox 122 3757 151 3805; x_wconf 90' lang='lat' dir='ltr'><strong>et</strong></span> <span class='ocrx_word' id='word_1_350' title='bbox 160 3748 243 3824; x_wconf 90' lang='lat' dir='ltr'><strong>jubet</strong></span> <span class='ocrx_word' id='word_1_351' title='bbox 257 3746 369 3821; x_wconf 88' lang='lat' dir='ltr'><strong>impleri</strong></span> <span class='ocrx_word' id='word_1_352' title='bbox 384 3746 572 3816; x_wconf 89' lang='lat' dir='ltr'><strong>conditiones,</strong></span> <span class='ocrx_word' id='word_1_353' title='bbox 588 3749 658 3821; x_wconf 91' lang='lat' dir='ltr'><strong>quin</strong></span> <span class='ocrx_word' id='word_1_354' title='bbox 672 3749 873 3836; x_wconf 25' lang='lat' dir='ltr'><strong>tribuatxvires.</strong></span> 
     </span>
    </p>
   </div>
   <div class='ocr_carea' id='block_1_5' title="bbox 115 3875 1328 4527">
    <p class='ocr_par' dir='ltr' id='par_1_10' title="bbox 115 3875 1328 4026">
     <span class='ocr_line' id='line_1_38' title="bbox 115 3875 1328 3945; baseline 0.001 -19"><span class='ocrx_word' id='word_1_355' title='bbox 115 3901 119 3907; x_wconf 91' lang='lat'>·</span> <span class='ocrx_word' id='word_1_356' title='bbox 157 3879 199 3945; x_wconf 91' lang='lat' dir='ltr'><strong>(l)</strong></span> <span class='ocrx_word' id='word_1_357' title='bbox 219 3878 294 3927; x_wconf 86' lang='lat' dir='ltr'><strong>Trsct</strong></span> <span class='ocrx_word' id='word_1_358' title='bbox 304 3877 417 3944; x_wconf 23' lang='lat' dir='ltr'><strong>deaopere</strong></span> <span class='ocrx_word' id='word_1_359' title='bbox 428 3886 453 3928; x_wconf 90' lang='lat' dir='ltr'><strong>et</strong></span> <span class='ocrx_word' id='word_1_360' title='bbox 463 3879 631 3944; x_wconf 81' lang='lat' dir='ltr'><strong>eleemosynis,</strong></span> <span class='ocrx_word' id='word_1_361' title='bbox 643 3880 682 3930; x_wconf 80' lang='lat' dir='ltr'><strong>cit.</strong></span> <span class='ocrx_word' id='word_1_362' title='bbox 693 3879 720 3930; x_wconf 88' lang='lat' dir='ltr'><strong>in</strong></span> <span class='ocrx_word' id='word_1_363' title='bbox 729 3884 796 3929; x_wconf 89' lang='lat' dir='ltr'><strong>trsct.</strong></span> <span class='ocrx_word' id='word_1_364' title='bbox 808 3878 837 3928; x_wconf 90' lang='lat' dir='ltr'><strong>de</strong></span> <span class='ocrx_word' id='word_1_365' title='bbox 846 3878 907 3928; x_wconf 88' lang='lat' dir='ltr'><strong>Deo.</strong></span> <span class='ocrx_word' id='word_1_366' title='bbox 918 3884 943 3929; x_wconf 88' lang='lat' dir='ltr'><strong>et</strong></span> <span class='ocrx_word' id='word_1_367' title='bbox 953 3877 1043 3927; x_wconf 87' lang='lat' dir='ltr'><strong>divinis</strong></span> <span class='ocrx_word' id='word_1_368' title='bbox 1055 3876 1174 3941; x_wconf 80' lang='lat' dir='ltr'><strong>attributis</strong></span> <span class='ocrx_word' id='word_1_369' title='bbox 1185 3891 1229 3940; x_wconf 86' lang='lat' dir='ltr'><strong>qu.</strong></span> <span class='ocrx_word' id='word_1_370' title='bbox 1238 3875 1270 3925; x_wconf 84' lang='lat' dir='ltr'><strong>vi</strong></span> <span class='ocrx_word' id='word_1_371' title='bbox 1280 3886 1328 3930; x_wconf 76' lang='lat' dir='ltr'><strong>art.</strong></span> 
     </span>
     <span class='ocr_line' id='line_1_39' title="bbox 122 3961 640 4026; baseline 0 -14"><span class='ocrx_word' id='word_1_372' title='bbox 122 3963 155 4013; x_wconf 82' lang='lat' dir='ltr'><strong>iv.</strong></span> <span class='ocrx_word' id='word_1_373' title='bbox 165 3969 224 4012; x_wconf 88' lang='lat' dir='ltr'><strong>tom.</strong></span> <span class='ocrx_word' id='word_1_374' title='bbox 236 3961 286 4009; x_wconf 87' lang='lat' dir='ltr'><strong>viii.</strong></span> <span class='ocrx_word' id='word_1_375' title='bbox 298 3977 361 4010; x_wconf 90' lang='lat' dir='ltr'><strong>curs.</strong></span> <span class='ocrx_word' id='word_1_376' title='bbox 371 3963 483 4026; x_wconf 86' lang='lat' dir='ltr'><strong>complet.</strong></span> <span class='ocrx_word' id='word_1_377' title='bbox 491 3963 640 4024; x_wconf 80' lang='lat' dir='ltr'><strong>Theologirc.</strong></span> 
     </span>
    </p>

    <p class='ocr_par' dir='ltr' id='par_1_11' title="bbox 156 4043 584 4107">
     <span class='ocr_line' id='line_1_40' title="bbox 156 4043 584 4107; baseline 0 -13"><span class='ocrx_word' id='word_1_378' title='bbox 156 4049 193 4107; x_wconf 78' lang='lat'><strong>(2)</strong></span> <span class='ocrx_word' id='word_1_379' title='bbox 211 4043 264 4092; x_wconf 90' lang='lat' dir='ltr'><strong>Lib.</strong></span> <span class='ocrx_word' id='word_1_380' title='bbox 276 4044 308 4092; x_wconf 79' lang='lat' dir='ltr'><strong>ir.</strong></span> <span class='ocrx_word' id='word_1_381' title='bbox 319 4043 348 4090; x_wconf 84' lang='lat' dir='ltr'><strong>sd</strong></span> <span class='ocrx_word' id='word_1_382' title='bbox 360 4043 516 4093; x_wconf 82' lang='lat' dir='ltr'><strong>Bonifecium</strong></span> <span class='ocrx_word' id='word_1_383' title='bbox 527 4061 548 4094; x_wconf 90' lang='lat' dir='ltr'><strong>c.</strong></span> <span class='ocrx_word' id='word_1_384' title='bbox 560 4049 584 4093; x_wconf 85' lang='grc'><strong>8.</strong></span> 
     </span>
    </p>

    <p class='ocr_par' dir='ltr' id='par_1_12' title="bbox 158 4127 554 4192">
     <span class='ocr_line' id='line_1_41' title="bbox 158 4127 554 4192; baseline -0.013 -13"><span class='ocrx_word' id='word_1_385' title='bbox 158 4134 196 4192; x_wconf 81' lang='grc'><strong>(3)</strong></span> <span class='ocrx_word' id='word_1_386' title='bbox 213 4127 243 4178; x_wconf 89' lang='lat' dir='ltr'><strong>In</strong></span> <span class='ocrx_word' id='word_1_387' title='bbox 254 4127 293 4176; x_wconf 88' lang='lat' dir='ltr'><strong>Ps.</strong></span> <span class='ocrx_word' id='word_1_388' title='bbox 305 4127 381 4176; x_wconf 86' lang='lat' dir='ltr'><strong>lxviii.</strong></span> <span class='ocrx_word' id='word_1_389' title='bbox 390 4143 455 4176; x_wconf 85' lang='lat' dir='ltr'><strong>enar.</strong></span> <span class='ocrx_word' id='word_1_390' title='bbox 467 4131 492 4176; x_wconf 76' lang='lat'><strong>2.</strong></span> <span class='ocrx_word' id='word_1_391' title='bbox 553 4146 554 4149; x_wconf 44' lang='lat'>¹</span> 
     </span>
    </p>

    <p class='ocr_par' dir='ltr' id='par_1_13' title="bbox 159 4207 684 4275">
     <span class='ocr_line' id='line_1_42' title="bbox 159 4207 684 4275; baseline -0.01 -13"><span class='ocrx_word' id='word_1_392' title='bbox 159 4216 197 4275; x_wconf 79' lang='grc'><strong>(4)</strong></span> <span class='ocrx_word' id='word_1_393' title='bbox 214 4212 267 4262; x_wconf 89' lang='lat' dir='ltr'><strong>Lib.</strong></span> <span class='ocrx_word' id='word_1_394' title='bbox 279 4210 296 4260; x_wconf 91' lang='lat' dir='ltr'><strong>ii</strong></span> <span class='ocrx_word' id='word_1_395' title='bbox 307 4209 336 4259; x_wconf 86' lang='lat' dir='ltr'><strong>de</strong></span> <span class='ocrx_word' id='word_1_396' title='bbox 348 4209 465 4273; x_wconf 85' lang='lat' dir='ltr'><strong>Symbolo</strong></span> <span class='ocrx_word' id='word_1_397' title='bbox 473 4209 505 4260; x_wconf 85' lang='lat' dir='ltr'><strong>sd</strong></span> <span class='ocrx_word' id='word_1_398' title='bbox 516 4207 616 4260; x_wconf 82' lang='lat' dir='ltr'><strong>Cstcch·</strong></span> <span class='ocrx_word' id='word_1_399' title='bbox 627 4223 648 4260; x_wconf 84' lang='lat' dir='ltr'><strong>c.</strong></span> <span class='ocrx_word' id='word_1_400' title='bbox 659 4213 684 4257; x_wconf 83' lang='grc'><strong>8.</strong></span> 
     </span>
    </p>

    <p class='ocr_par' dir='ltr' id='par_1_14' title="bbox 162 4294 399 4361">
     <span class='ocr_line' id='line_1_43' title="bbox 162 4294 399 4361; baseline -0.025 -16"><span class='ocrx_word' id='word_1_401' title='bbox 162 4297 204 4361; x_wconf 80' lang='lat'><strong>(5)</strong></span> <span class='ocrx_word' id='word_1_402' title='bbox 223 4295 314 4345; x_wconf 88' lang='lat' dir='ltr'><strong>ibidem</strong></span> <span class='ocrx_word' id='word_1_403' title='bbox 324 4309 345 4343; x_wconf 91' lang='lat' dir='ltr'><strong>c.</strong></span> <span class='ocrx_word' id='word_1_404' title='bbox 357 4294 380 4340; x_wconf 79' lang='lat'><strong>5.</strong></span> <span class='ocrx_word' id='word_1_405' title='bbox 392 4342 399 4354; x_wconf 34' lang='grc' dir='ltr'><strong><em>Ι</em></strong></span> 
     </span>
    </p>

    <p class='ocr_par' dir='ltr' id='par_1_15' title="bbox 160 4376 381 4445">
     <span class='ocr_line' id='line_1_44' title="bbox 160 4376 381 4445; baseline -0.018 -15"><span class='ocrx_word' id='word_1_406' title='bbox 160 4385 199 4445; x_wconf 84' lang='grc' dir='ltr'><strong>(θ)</strong></span> <span class='ocrx_word' id='word_1_407' title='bbox 217 4381 247 4430; x_wconf 88' lang='lat' dir='ltr'><strong>ln</strong></span> <span class='ocrx_word' id='word_1_408' title='bbox 258 4380 298 4431; x_wconf 77' lang='lat' dir='ltr'><strong>Ps</strong></span> <span class='ocrx_word' id='word_1_409' title='bbox 308 4376 381 4430; x_wconf 85' lang='lat' dir='ltr'><strong>cxxii.</strong></span> 
     </span>
    </p>

    <p class='ocr_par' dir='ltr' id='par_1_16' title="bbox 160 4456 475 4527">
     <span class='ocr_line' id='line_1_45' title="bbox 160 4456 475 4527; baseline -0.016 -12"><span class='ocrx_word' id='word_1_410' title='bbox 160 4470 199 4527; x_wconf 85' lang='grc'><strong>(7)</strong></span> <span class='ocrx_word' id='word_1_411' title='bbox 217 4466 248 4515; x_wconf 90' lang='lat' dir='ltr'><strong>In</strong></span> <span class='ocrx_word' id='word_1_412' title='bbox 262 4464 302 4515; x_wconf 77' lang='lat' dir='ltr'><strong>Ps</strong></span> <span class='ocrx_word' id='word_1_413' title='bbox 314 4478 353 4514; x_wconf 81' lang='lat' dir='ltr'><strong>xc.</strong></span> <span class='ocrx_word' id='word_1_414' title='bbox 363 4460 441 4511; x_wconf 77' lang='lat' dir='ltr'><strong>Serui.</strong></span> <span class='ocrx_word' id='word_1_415' title='bbox 451 4456 475 4508; x_wconf 78' lang='lat'><strong>2.</strong></span> 
     </span>
    </p>
   </div>
   <div class='ocr_carea' id='block_1_6' title="bbox 160 4550 372 4613">
    <p class='ocr_par' dir='ltr' id='par_1_17' title="bbox 160 4550 372 4613">
     <span class='ocr_line' id='line_1_46' title="bbox 160 4550 372 4613; baseline -0.009 -13"><span class='ocrx_word' id='word_1_416' title='bbox 160 4553 199 4613; x_wconf 82' lang='lat'><strong>(8)</strong></span> <span class='ocrx_word' id='word_1_417' title='bbox 217 4550 274 4602; x_wconf 71' lang='lat' dir='ltr'><strong>unt.</strong></span> <span class='ocrx_word' id='word_1_418' title='bbox 286 4550 315 4602; x_wconf 84' lang='lat' dir='ltr'><strong>ti.</strong></span> <span class='ocrx_word' id='word_1_419' title='bbox 331 4550 372 4599; x_wconf 75' lang='lat'><strong>20.</strong></span> 
     </span>
    </p>
   </div>
   <div class='ocr_carea' id='block_1_7' title="bbox 0 0 1375 5018">
    <p class='ocr_par' dir='ltr' id='par_1_18' title="bbox 0 0 1375 5018">
     <span class='ocr_line' id='line_1_47' title="bbox 0 0 1375 5018; baseline 0 0"><span class='ocrx_word' id='word_1_420' title='bbox 0 0 1375 5018; x_wconf 95' lang='lat' dir='ltr'><strong> </strong></span> 
     </span>
    </p>
   </div>
  </div>
 </body>
</html>
