2730 5018
50 256 61 349 ᾗ
111 270 174 328 ιιι
441 263 499 325 un
521 260 695 325 animm
715 261 1019 321 necessrium:-

110 419 309 482 Rstioneliste
322 419 426 480 horum
440 419 550 478 edeam
570 417 699 494 ιοιιιςίι,
714 434 831 476 omnem
852 416 1094 492 supernetnraien
1115 413 1323 496 Religionex,

112 530 255 589 omneque
265 515 403 574 auxilium
412 511 627 591 supernaturale
635 509 822 588 denegantes,
832 522 864 568 ut
877 511 1010 570 humane
1020 508 1201 568 blandiantur
1215 525 1323 586 capy,

109 611 176 678 bite,
187 609 349 687 jactitantes
362 616 469 667 nature
482 604 674 682 prestantium
685 623 741 678 qua
752 605 816 677 quis
828 605 921 680 possit
933 605 995 663 suis
1005 604 1112 662 ritibus
1123 602 1159 660 ad
1170 600 1313 675 sempe,

110 702 223 780 tingere
236 701 451 780 perfectionem,
469 716 533 772 que
547 699 577 756 in
592 697 717 757 hominis
733 696 893 773 paridisiaci
908 702 1069 776 prototypo
1080 692 1172 769 idetis·
1184 692 1303 765 exhibe,

114 807 171 874 est,
181 807 211 856 et
224 816 288 870 que
301 799 332 856 in
346 797 465 855 Christo
479 803 523 853 est
538 795 610 852 visa.
648 790 779 864 Quoleri
791 795 914 851 innuunt
926 811 960 852 se
971 813 989 851 a
1002 792 1224 869 Pelagianorum
1237 808 1298 858 erro.

112 894 205 962 ribus,
203 896 208 901 '
219 893 325 965 quibus
338 891 390 950 lux
403 899 509 950 nature
520 889 668 948 extollitur
681 889 842 956 abhorrere
844 892 856 924 ¹
875 897 905 946 et
917 906 1016 947 semen
1036 887 1165 946 divinum
1181 904 1233 944 eeu
1246 887 1298 966 spi.

110 987 184 1047 ritus
198 987 302 1045 Sancti
314 986 551 1046 illuminationem
565 1001 730 1061 agnoscere,
742 1002 799 1057 qua
811 983 897 1042 etiem
911 991 1059 1042 moveatur
1076 1000 1174 1057 mens,
1186 980 1302 1045 claritate

70 1087 78 1097 ¹
113 1081 225 1139 seilicet
238 1090 268 1138 et
280 1080 422 1141 evidentia
433 1079 615 1140 revelationis
628 1078 796 1138 interioris·
834 1077 893 1138 Sed
904 1078 965 1137 lucc
979 1096 1074 1138 erere
1086 1076 1185 1154 gratie
1195 1077 1305 1139 notio»

50 1150 55 1177 ³
110 1154 197 1255 tinge
211 1177 325 1237 meme

989 1324 1048 1375 '·‹·

311 1747 453 1811 csPU'r
472 1746 498 1807 l.
538 1746 597 1807 DE
620 1746 791 1808 uenum
812 1749 1120 1811 NECESSITATE.

53 2022 56 2027 -
152 1987 182 2043 8.
203 1981 322 2052 Gratiae,
336 1980 447 2041 scilicet
460 1980 682 2059 eupemsturalis
696 1981 806 2050 auxilii,
821 1983 1019 2044 necessitatem
1034 1985 1063 2042 in
1078 1983 1180 2042 salutis
1196 1984 1323 2061 negoti·

111 2077 287 2158 peragendo,
304 2095 389 2151 quem
405 2084 503 2135 contre
516 2077 687 2154 Pelagianos
700 2077 834 2136 Ecclesia
847 2077 916 2157 olim
931 2078 1096 2147 vindicavit,
1109 2078 1323 2143 'rridentinuu

112 2174 268 2235 concilium
280 2173 383 2232 itemm
398 2166 559 2242 declararit,
570 2172 664 2231 verbis
678 2173 737 2231 lere
750 2172 853 2231 iisdem
867 2175 970 2246 quibus
982 2166 1078 2237 vetera
1092 2176 1236 2243 concilia3
1250 2192 1323 2241 com.

112 2286 216 2347 gruum
231 2269 339 2345 quippe
353 2277 414 2327 erat
426 2276 458 2326 ut
471 2267 535 2327 heec
549 2267 637 2326 veluti
650 2268 774 2326 veritatis
790 2281 983 2338 monumenta,
1005 2280 1034 2329 et
1046 2271 1174 2347 trophaea
1192 2269 1323 2333 debelle-

112 2373 206 2422 tarum
218 2362 372 2431 heresum,
398 2361 633 2422 exhiberentur:⁸
654 2363 796 2436 “Siquis
811 2362 925 2431 dixerit,
950 2364 985 2422 ad
1006 2365 1062 2424 lroc
1075 2365 1171 2424 solum
1186 2364 1312 2433 divim

112 2456 231 2536 gratiam
246 2473 298 2534 per
314 2455 463 2517 christum
476 2456 580 2517 lesum
593 2455 664 2526 dari,
689 2465 721 2515 ut
733 2457 845 2515 facilius
865 2458 953 2517 horno
968 2460 1048 2536 juste
1062 2460 1159 2519 virere
1178 2478 1215 2517 ac
1229 2452 1312 2527 sitam

112 2561 248 2611 eternam
262 2551 419 2628 promereri
432 2552 536 2628 possit,
559 2551 641 2625 qussi
654 2569 706 2629 per
718 2551 839 2611 liberum
853 2555 999 2613 arbitrium
1018 2555 1084 2614 siue
1102 2555 1193 2632 gretie
1207 2563 1311 2619 uuum·

113 2663 182 2722 que,
197 2644 249 2704 sed
260 2654 335 2724 egre
349 2655 454 2716 umen,
469 2656 498 2705 et
511 2644 662 2705 difficulter
675 2648 785 2723 possit;
806 2648 956 2709 anathema
969 2634 1040 2708 sit.'”
1081 2660 1103 2689 ⁴⁶
1112 2652 1146 2708 Si
1158 2653 1226 2724 quis
1238 2650 1312 2713 dire·

111 2745 160 2812 rit,
174 2742 238 2802 sine
250 2743 443 2820 preveniente
457 2743 582 2820 Spiritus
596 2742 692 2801 Sancti
707 2743 902 2819 inspiratione,
919 2757 1003 2818 atque
1017 2746 1080 2822 ejus
1094 2747 1250 2824 adjutorio,
1263 2747 1313 2809 ho-

103 2838 223 2898 miuem
237 2835 363 2905 credere,
377 2854 503 2914 sperare,
515 2834 647 2913 diligere,
673 2846 721 2894 aut
734 2838 872 2913 poenitere
887 2858 985 2915 posse,
1011 2841 1086 2898 sicut
1099 2851 1223 2918 oportet,
1243 2851 1274 2900 ut
1285 2836 1318 2903 ei'

109 2931 325 3010 justificationis
338 2933 428 3010 gratia
441 2931 632 2999 conferretur3
654 2931 804 2991 anathema
818 2932 904 2991 sit.''⁴
942 2934 991 2994 Ex
1005 2935 1072 2993 fidei
1087 2937 1172 3013 igitur
1185 2936 1315 2998 doctrina

114 3035 228 3087 constat
241 3027 456 3104 supernaturale
469 3026 565 3104 gratie
579 3026 717 3085 auxilium
731 3028 837 3101 requiri
857 3036 889 3086 ut
903 3029 968 3101 quis
982 3030 1132 3089 salutarem
1148 3049 1316 3104 quemcum-

114 3139 171 3196 que
185 3129 291 3189 actum,
305 3122 391 3181 etiem
405 3122 559 3188 internum,
575 3121 678 3179 eliciat.
719 3120 910 3183 Praevenicne
920 3133 1014 3182 autem
1026 3125 1150 3203 Spiritus
1162 3126 1261 3184 Sancti
1274 3128 1317 3186 in·

117 3219 235 3297 spiratio
249 3226 278 3276 et
291 3217 462 3294 adjutorium
476 3216 541 3295 ipsa
553 3226 670 3276 vocetur
684 3219 783 3294 gratia,
795 3221 862 3292 quia
875 3220 1016 3279 antecedit
1027 3222 1178 3280 voluntatis
1192 3232 1315 3292 motum,

116 3312 241 3384 ideoque
256 3329 273 3367 ι
286 3310 446 3389 Theologis
457 3308 667 3370 indeliberatus
678 3318 776 3370 motus
788 3320 920 3372 vocatur:
937 3316 1074 3391 prevenit
1084 3317 1168 3375 etiam
1180 3317 1315 3377 meritum

16 3402 18 3407 ’
116 3421 203 3464 omne
213 3403 381 3473 humanum,
393 3413 422 3463 et
435 3425 452 3462 e
464 3404 561 3464 divina
574 3405 701 3482 largitate
716 3407 930 3482 proficiscitur,⁵
943 3408 1090 3468 hominem
1102 3411 1217 3479 excitat,
1229 3420 1258 3469 et
1272 3429 1318 3471 ro-

115 3503 206 3562 boret.
227 3499 274 3559 Ile
288 3501 396 3561 actibus
410 3510 505 3562 autem
519 3502 569 3576 qui
582 3501 618 3560 ed
631 3502 752 3562 salutem
766 3503 895 3572 tendunt,
910 3514 938 3562 et
951 3505 1023 3571 fiunt
1038 3505 1116 3566 sieut
1129 3513 1253 3586 οροιιιι,
1265 3509 1315 3586 agi

117 3596 218 3670 liquet.
701 3591 703 3596 ⁸

152 3829 195 3896 (1)
215 3825 328 3879 “Hence
345 3843 385 3880 ere
401 3829 505 3896 rejected
521 3828 564 3880 tlte
583 3831 701 3883 Socinien
717 3831 767 3883 eud
786 3831 904 3954 Pelsgmn
920 3849 997 3885 errore
1011 3834 1039 3886 in
1055 3834 1173 3898 extolliug
1190 3851 1206 3886 ι
1221 3841 1323 3891 nsturel

116 3912 203 3977 tighw
236 3912 329 3977 Prop.
321 3928 354 3964 ιι.
364 3914 430 3981 apud
440 3915 552 3980 Bsrclay
950 3949 952 3956 ,

153 4000 196 4065 (2)
209 3997 310 4062 Prop'
293 4013 321 4048 ιι.

151 4086 214 4148 (3)·
215 4085 284 4144 ‘Age
295 4082 356 4132 ester
368 4098 423 4144 ege,
437 4081 503 4133 lrcsh
517 4083 604 4134 battles
620 4084 684 4135 heve
693 4085 757 4135 been
767 4085 855 4150 fought
864 4085 926 4142 situ
918 4022 1031 4154 l‘nssy
1047 4087 1113 4140 nen
1123 4050 1285 4143 monuments
1294 4095 1323 4144 οΙ

65 4179 69 4186 ’
118 4167 187 4220 truth
197 4174 235 4217 set
245 4182 288 4231 up
288 4164 537 4228 ”‚-Oxlord'I²reots
553 4167 651 4220 Note.
857 4196 928 4231 32.
941 4208 945 4217 .,

150 4254 190 4316 (4)
206 4250 314 4302 Semi.
322 4249 353 4300 de
366 4250 445 4316 justit.
457 4250 559 4302 cliiii.
865 4230 912 4299 l
945 4240 957 4249 '⁴

116 4337 191 4395 (5)
208 4335 265 4386 Eoo
276 4349 350 4385 sensu
361 4333 468 4384 Petrone
478 4341 547 4385 notet
554 4351 639 4387 vocem
645 4337 824 4403 preveniente
834 4337 916 4402 gretie
927 4339 957 4390 eb
968 4341 1110 4405 Augustino
1120 4339 1237 4405 edhiberi,
1244 4356 1320 4412 quern

117 4419 149 4471 de
159 4419 315 4473 indelibemo
327 4425 398 4473 motu
404 4419 550 4474 maiores
560 4420 682 4486 Theologi
690 4423 835 4493 piorumque
846 4423 976 4492 rccipiunt.
