2730 5018
83 275 141 331 28⁰
313 271 371 334 nu
392 272 558 334 DUABUS
578 272 624 332 ΙΝ
646 271 831 335 OHRlS'l'O
852 271 1048 338 NATURI&

83 427 173 488 rectia
186 436 346 488 naturarum
363 439 478 507 propter
497 431 666 499 unitionem,
681 431 829 508 magisque
849 433 928 492 salva
947 432 1118 511 proprietate
1131 433 1255 511 utriusque

82 534 198 593 naturae,
213 533 242 583 et
255 525 285 583 iu
298 544 384 583 unam
398 543 550 602 personam
565 535 649 599 atque
663 527 874 586 subsistentiam
889 526 1121 587 concurrente.”¹

119 623 169 678 94.
185 618 263 683 {ost
277 619 450 679 Dioscorum
465 620 617 698 dejectum,
630 623 662 679 S.
675 622 819 680 Proteriue
835 622 939 682 Sedem
955 624 1177 684 Alexandrinam
1190 645 1260 693 cern·

80 719 168 795 pavit,
184 718 233 792 qui
248 736 323 776 auno
343 721 403 776 457
418 717 452 775 ab
475 718 669 794 Eutychianis
690 719 854 777 interfectus
868 729 929 778 est:
952 736 990 778 ex
1005 738 1063 795 quo
1077 730 1200 798 tempore
1218 744 1255 802 per

81 816 217 874 saeculum
231 815 290 873 fere
304 814 485 873 Alexandriae
498 815 635 873 dominati
649 824 725 873 sunt.
768 815 870 874 Petrus
886 817 1012 895 Moggus
1024 827 1130 886 tamen,
1142 820 1190 892 qui
1201 821 1255 884 inter

79 912 281 990 Eutychianos
296 912 435 970 antistites
450 912 659 971 Alexandrinos
673 921 848 980 recensetur,
863 913 963 972 uolens
977 914 1129 973 anathema
1148 915 1176 972 in
1189 914 1256 978 (lhrl.
1305 938 1307 947 ·

80 1008 242 1068 cedonenae
257 1008 410 1067 concilium
424 1007 508 1076 serre,
522 1005 708 1083 plurimorum
723 1024 759 1064 ex
768 1018 846 1064 secta
855 1006 1013 1066 accessioni
1024 1006 1103 1066 dedit
1112 1009 1257 1085 locumqu'

79 1105 300 1186 Monophyer'tae
314 1103 456 1184 Aceplrcli
469 1103 536 1162 dicti
546 1113 623 1162 suut.
646 1101 747 1161 Petrus
759 1100 853 1172 Fullo,
868 1105 929 1163 sive
941 1103 1112 1182 cnapheus,
1125 1105 1257 1169 suante·

79 1223 146 1264 nam
160 1204 213 1261 sub
228 1201 303 1263 idem
318 1211 431 1278 tempus
446 1219 589 1278 occupans
604 1198 714 1267 sedem,
733 1196 1020 1277 Theopoaeln'tcnrm
1033 1201 1094 1260 dux
1107 1199 1258 1271 scindenti

79 1299 190 1358 scilicet
204 1297 328 1357 divinam
351 1307 479 1356 naturam
503 1315 615 1373 passam
642 1312 717 1352 esse.
758 1293 894 1363 lacobus,
913 1295 1055 1355 Zauzalus
1071 1307 1101 1355 et
1113 1295 1258 1371 Baradeor,

76 1407 198 1470 utroque
220 1396 297 1454 enim
325 1394 496 1472 cognomine
522 1401 643 1458 notatur,
671 1390 775 1466 Syrus,
804 1391 911 1464 quiex
939 1393 1081 1452 monacho
1108 1392 1260 1454 Edesesuur

78 1493 259 1570 metropolita
272 1509 348 1549 anno
369 1494 424 1547 541
449 1490 538 1547 sactus
559 1487 672 1554 dicitur,
687 1482 893 1546 Jacobr'tcrnm
913 1499 998 1565 caput
1018 1489 1081 1558 fuit,
1103 1489 1261 1565 Eutychetis

76 1590 181 1667 placita
194 1585 381 1647 diffundendo
396 1605 447 1663 per
460 1585 619 1644 Orientem.
661 1579 789 1640 Armeni
801 1583 931 1659 plerique
945 1584 991 1642 his
1004 1585 1181 1644 inficiuntur.
1218 1585 1263 1646 (la-

77 1687 176 1745 tholici
190 1684 338 1743 Melchitae
352 1683 420 1741 dicti
434 1691 510 1749 sunt,
526 1700 576 1739 reu
591 1678 680 1757 regii,
696 1699 713 1736 a
727 1697 798 1737 voce
819 1678 949 1755 Syriaca,
965 1681 1105 1740 haereticis
1125 1699 1177 1739 eos
1198 1680 1264 1743 Mm-
1297 1668 1307 1695 ⁴

84 1781 159 1839 ciani
183 1781 373 1857 imperatorie,
395 1797 454 1852 quo
474 1787 609 1854 regnanto
630 1775 781 1832 concilium
804 1773 1041 1835 chalcedonense
1067 1760 1195 1835 habitum
1219 1789 1266 1848 cst,

51 1879 55 1887 ’
78 1877 202 1935 asseclas
226 1895 291 1935 esee
306 1860 508 1934 dictitantibur.
551 1873 593 1932 lta
614 1870 742 1948 plerique
764 1873 943 1949 cognominis
963 1872 1050 1950 hujus
1070 1873 1209 1950 originem
1222 1893 1266 1934 er·

77 1973 194 2050 plicant.

584 2143 768 2186 morosum.

118 2293 157 2352 In
174 2291 291 2351 Christo
317 2288 383 2350 due
407 2296 478 2348 aunt
500 2297 616 2350 notura
640 2291 767 2369 integre
781 2294 808 2346 et
826 2286 1091 2373 perseeta,de‘oine
1111 2290 1223 2351 seilicet
1242 2299 1267 2351 et

75 2390 219 2451 hanam.

115 2484 270 2545 Probatur
284 2484 310 2543 Ι.
325 2483 379 2543 En
397 2483 571 2562 Scripturr'e.
1201 2535 1204 2539 .

119 2587 168 2642 95.
191 2581 296 2640 Divina
307 2580 417 2639 Christi
426 2591 524 2638 natura
534 2582 751 2658 quamplurimis
762 2582 960 2659 couiprohatur
969 2583 1150 2641 testimoniis:
1172 2582 1282 2642 “Deus

78 2689 138 2738 erat
160 2675 335 2736 Verbum.”²
375 2675 463 2733 “Hic
478 2686 523 2733 eet
542 2695 626 2735 veros
647 2677 728 2736 Dens
743 2688 771 2736 et
785 2678 841 2736 rita
863 2677 1015 2736 mtema.”⁸
1055 2676 1193 2737 Humana
1212 2681 1283 2757 ejus

76 2787 174 2836 natura
189 2793 267 2851 saepe
282 2772 466 2850 predicatur:
489 2782 509 2809 ‘⁴
523 2774 657 2840 Quaeritis
679 2793 725 2833 me
746 2775 917 2841 interficere,
931 2775 1090 2843 hominem,
1104 2777 1154 2848 qui
1175 2760 1285 2834 verita-

76 2886 134 2933 tem
159 2874 241 2931 robis
265 2873 376 2930 locutus
406 2869 519 2929 sum.''⁴
557 2872 622 2929 Alia
647 2873 787 2948 quaejam
810 2871 988 2930 laudavimus
1010 2874 1184 2941 testimonia,
1207 2874 1278 2933 dum

77 2972 192 3030 uuicam
204 2970 291 3027 Verbi
304 2986 455 3046 personam
470 2978 568 3025 contra
583 2968 749 3026 Nestorium
764 2969 960 3045 probaremus,
972 2987 1032 3027 rem
1047 2970 1131 3047 plane
1145 2971 1280 3048 explora-

77 3077 134 3129 tam
149 3067 264 3126 faciunt.

66 3217 72 3227 .
117 3163 270 3222 Probatur
284 3160 327 3219 II.
344 3160 473 3218 Potrurn
489 3160 682 3219 consentiente
697 3159 841 3218 doctrino.
866 3161 973 3219 Praetor
983 3161 1106 3239 plurima
1115 3163 1178 3241 jam
1194 3164 1273 3223 citata

76 3263 195 3322 Petrum
208 3260 330 3325 decreta,
346 3276 433 3335 pauca
447 3257 563 3314 recitare
579 3257 671 3332 juvat.

118 3364 167 3418 96.
190 3358 222 3414 S.
238 3357 394 3413 Basrurus:
412 3361 432 3388 ‘⁶
443 3352 523 3410 Deus
538 3353 568 3410 in
582 3371 676 3419 carne,
688 3371 745 3410 non
760 3370 796 3409 ex
811 3353 958 3412 intervallo
970 3373 1104 3431 operans,
1118 3356 1195 3414 ut'in
1206 3356 1271 3416 Pro

77 3456 184 3534 phetis,
200 3451 251 3510 sed
265 3449 425 3527 copulatam
441 3448 495 3506 ribi
512 3448 638 3506 hominis
653 3458 780 3506 naturam
794 3458 823 3505 et
835 3450 942 3506 unitam
958 3451 1137 3529 (ιιιιίιιοιιεῖῗ6

122 3556 170 3611 97.
196 3551 228 3607 S.
246 3549 423 3607 Gnuocnms
439 3546 676 3604 stranzunus:
693 3555 712 3580 “
724 3545 840 3602 Naturae
854 3544 970 3618 quidem
984 3546 1047 3605 duaa
1061 3558 1138 3615 sunt,
1153 3548 1236 3607 Deus
1248 3562 1275 3609 et

77 3652 176 3718 homo,
192 3644 433 3722 quemadmodum
447 3654 476 3701 et
489 3643 584 3701 anima
597 3651 625 3700 et
639 3661 743 3719 corpus
756 3662 765 3709 ;
780 3643 831 3701 sed
845 3662 904 3703 nou
918 3643 976 3702 duo
997 3645 1048 3703 filii
1062 3656 1130 3704 sunt
1144 3657 1193 3705 aut
1207 3646 1275 3719 Dii;

77 3742 319 3821 quemadmodum
335 3759 388 3798 nsc
401 3739 448 3796 hic
462 3736 519 3796 duo
533 3748 599 3796 sunt
612 3737 790 3796 homines.”⁰

118 3846 168 3901 98.
191 3842 224 3900 S.
240 3841 409 3898 Eruasnu:
426 3845 446 3872 ‘⁶
457 3835 613 3895 Perfectam
626 3835 711 3894 habet
722 3835 865 3912 duplicem
880 3846 1067 3905 maturamus
1079 3839 1148 3898 duas
1163 3840 1275 3918 perdat

79 3941 184 4013 Neque
199 3938 275 3995 euim
290 3936 319 3992 in
334 3952 391 3992 una
404 3933 466 3991 sola
480 3942 578 3991 natura
592 3932 672 3990 Deua
687 3950 772 4008 super
786 3941 889 3991 terram
901 3943 945 3991 est
962 3935 1060 3993 risus:
1082 3955 1181 4011 neque¹
1190 3939 1222 3995 iu
1236 3939 1277 3998 al·

409 4129 446 4189 (l)
464 4128 519 4177 Aee
529 4143 553 4176 v.

408 4211 444 4274 (2)
461 4210 560 4260 torni.

411 4300 448 4357 (3)
465 4297 537 4346 loan.
548 4312 571 4345 v.
583 4299 624 4346 2⁰.

411 4385 448 4446 (4)
466 4383 538 4432 Joan.
550 4382 599 4432 viii.
612 4385 654 4432 40.

408 4471 445 4528 (5)
463 4469 538 4519 Hom.
548 4470 579 4520 de
591 4469 700 4519 humana
710 4468 802 4519 Christi
810 4478 917 4532 generat.

414 4556 450 4618 (o)
468 4554 517 4620 Ep.
527 4555 544 4605 i.
554 4555 584 4605 ad
597 4554 751 4606 cledonium.
