2744 5024
407 228 465 328 un
488 265 646 327 onam
665 266 961 328 submersura.
1223 262 1281 319 aaa

75 419 195 481 sitium
207 431 404 499 ao'potestate,
415 442 472 497 qua
486 433 507 461 ‘⁴
516 426 599 502 eujus
612 425 674 482 vult
686 427 846 493 miseretur,
861 441 949 496 quem
963 418 1023 481 vult
1034 417 1201 485 isarnum
1220 414 1283 475 Na·

74 517 151 574 ruini
166 514 251 592 igitur
265 520 398 578 tribuitur
412 521 502 595 gratia
515 522 562 577 oui
577 521 699 577 resistat.

101 634 104 639 ·
120 615 188 670 148.
209 610 298 690 Reap.
312 614 469 690 Apostolus
481 615 704 673 valthumauam
716 617 845 691 frangere
859 613 1033 690 superbiam,
1044 631 1100 671 nee
1110 612 1188 670 enim
1198 609 1280 671 Deus

73 707 189 767 bonini
202 709 390 768 oonsiliorum
404 729 521 769 suonam
535 712 653 769 reddere
669 714 808 770 rationem
823 719 943 768 mnetur.
986 709 1132 767 Caeterum
1146 704 1278 782 quamtis

72 822 129 878 pro
143 820 260 864 summo
274 807 388 865 arbitrio
402 826 456 865 suo
481 807 562 866 Deus
587 809 722 885 largiatur
742 808 869 884 gratiam,
896 825 985 881 quum
999 807 1110 865 nemini
1133 805 1280 874 debeatur,

73 909 190 958 eoostat
209 901 365 959 humanam
379 903 553 960 voluntatem
575 905 602 960 ei
624 921 703 978 saepe
723 921 903 980 repugnare:
935 902 1001 961 ideo
1020 903 1098 960 enim
1122 901 1279 977 Apostolus

73 1005 256 1070 peecatorem
271 997 443 1069 alloquitur:
467 1008 486 1034 ‘⁴
497 1002 544 1056 An
564 999 677 1057 divitias
692 999 825 1056 bonitatis
840 999 914 1074 ejus,
929 1007 959 1054 et
971 998 1125 1074 patientiae,
1142 1006 1171 1054 et
1183 996 1280 1072 longa·

74 1091 213 1170 simitatis
229 1094 412 1152 contemnis!
453 1094 572 1171 Ignoras
586 1097 722 1166 quoniam
737 1095 898 1172 benignitas
913 1094 970 1152 Dei
982 1094 1016 1151 ad
1038 1093 1236 1170 penitentiam
1251 1103 1279 1152 te

71 1188 210 1246 sdduoiti
251 1192 417 1250 Secundum
431 1205 526 1250 autern
537 1193 670 1251 duritiam
682 1174 772 1260 tuam,
784 1203 814 1250 et
824 1193 1007 1268 impoenitens
1022 1210 1082 1261 oor,
1100 1190 1277 1249 thesaurizas

73 1281 125 1338 tibi
133 1283 211 1340 iram
232 1286 262 1341 ia
276 1286 322 1343 die
338 1286 388 1342 irat
401 1297 430 1343 et
444 1288 624 1344 revelationis
641 1288 712 1363 justi
729 1287 832 1363 judicii
846 1285 952 1345 Dei.”⁸
992 1287 1147 1343 Miseretar
1161 1286 1278 1358 quiden

73 1379 159 1452 sajus
176 1381 244 1446 vuit,
261 1400 311 1438 oor
323 1383 386 1458 ejus
401 1385 491 1458 gratia
502 1383 663 1458 tangendo;
685 1402 771 1455 quern
787 1383 847 1440 vult
861 1383 983 1450 indurat,
994 1401 1062 1440 eum
1076 1384 1107 1440 in
1120 1381 1218 1441 cordis
1228 1383 1279 1441 du-

74 1473 136 1531 ritie
150 1475 350 1547 relinquendo,
368 1479 499 1549 quamvis
515 1497 571 1535 non
592 1478 715 1555 deneget
734 1478 801 1535 huie
822 1479 907 1536 etiam
932 1497 967 1535 ea
987 1478 1094 1535 auxilia
1115 1479 1219 1551 quibus
1240 1478 1276 1536 ad

73 1569 271 1644 penitentiam
284 1570 387 1628 adduci
402 1582 509 1648 posset,
521 1592 585 1645 que
600 1579 695 1648 spreta
708 1573 846 1648 majorem
861 1583 1017 1648 provooaut
1030 1572 1196 1631 vindictam.

114 1668 183 1721 149.
209 1663 274 1742 Obj.
296 1670 325 1723 3.
346 1665 521 1742 Augustinus
535 1687 650 1726 omnem
665 1669 784 1743 gratiam
805 1671 946 1726 internam
968 1668 1005 1724 iis
1019 1670 1069 1740 qni
1083 1687 1142 1726 non
1155 1666 1276 1726 eredunt

72 1757 199 1816 defuisse
213 1759 307 1817 dooet.
347 1771 368 1797 “
380 1761 457 1820 Cum
471 1763 588 1839 igitnr‚”
605 1763 708 1836 inquit,
722 1773 744 1799 “
754 1763 945 1838 Evangeliunr
960 1761 1139 1838 predicatur,
1156 1761 1274 1834 quidam

73 1854 203 1922 aedunt,
218 1857 333 1929 quidam
349 1876 408 1916 uon
421 1858 557 1926 oredunt;
579 1857 631 1915 sed
645 1859 695 1930 qui
707 1857 835 1925 eredunt,
853 1857 1037 1933 predicatore
1057 1857 1218 1914 toriuseous
1232 1857 1275 1914 in-

61 1959 204 2018 sonante,
220 1951 326 2010 intusa
341 1953 424 2011 Patre
439 1952 653 2025 audiuntatque
667 1953 789 2019 diseunt,
805 1952 854 2024 qui
876 1961 970 2010 autem
986 1970 1043 2011 non
1066 1952 1185 2010 eredunt
1205 1951 1276 2010 foria

75 2047 204 2115 audiunt,
220 2048 297 2106 intus
310 2068 369 2107 non
383 2049 502 2108 audiunt
520 2068 614 2124 neque
629 2050 757 2108 diseunt:
779 2049 836 2108 hoo
856 2059 911 2118 est,
933 2049 992 2106 iliis
1008 2046 1090 2108 datm
1101 2059 1134 2108 ut
1146 2047 1275 2116 erodant,

74 2144 129 2203 iilia
143 2164 203 2203 uon
218 2143 345 2203 datur.’'³
848 2202 849 2206 ,

116 2245 185 2299 tot).
208 2240 298 2318 Resp.
321 2243 391 2302 Noa
411 2262 497 2302 omae
523 2243 640 2301 interius
661 2245 764 2321 gratiae
781 2243 941 2303 subsidium
962 2241 1129 2302 infidelibus
1148 2241 1274 2302 defuisse

71 2335 157 2394 dooet
170 2338 360 2413 Augustinus,
375 2338 563 2415 sedspaoiaio
577 2338 647 2397 illud
662 2339 729 2398 fidei
739 2337 857 2398 donum.
898 2339 1002 2397 Sufim
1017 2339 1097 2397 ooiur
1103 2339 1272 2416 subjungit:

71 2431 193 2488 “Fides
206 2430 302 2508 igitur,
316 2443 346 2491 et
357 2433 501 2502 inoboata,
515 2443 544 2491 st
557 2434 692 2510 perfeeto,
704 2435 813 2494 donum
824 2434 881 2493 Dei
895 2443 954 2492 eat:
977 2442 1007 2492 st
1018 2435 1076 2494 boo
1090 2433 1198 2493 donum
1211 2435 1273 2507 qui·

72 2526 191 2586 busdam
206 2528 276 2596 dori,
291 2529 462 2602 quibusdam
476 2548 534 2589 uon
548 2526 609 2588 dari
622 2533 741 2589 omnino
755 2549 815 2589 aon
828 2530 946 2598 dubitet,
961 2531 1011 2604 qui
1030 2549 1090 2589 nou
1104 2531 1165 2588 vult
1182 2531 1272 2589 mani·

72 2621 237 2678 miminis
249 2625 339 2680 samis
358 2625 459 2681 litteris
480 2625 685 2696 repugnare.”⁴
724 2627 798 2686 Quae
812 2625 984 2703 adduximus
998 2625 1071 2677 iator
1085 2626 1270 2696 probationes

70 2715 234 2773 testimonia
247 2717 367 2792 probant
378 2716 550 2774 suffioisutia
563 2715 598 2774 ad
612 2715 699 2774 tidem
712 2715 902 2783 dariauxiiia,
911 2715 986 2791 quai,
995 2715 1080 2791 eulpa
1088 2717 1269 2776 vooauonem

71 2812 292 2878 oontemnentis,
306 2822 404 2869 earent
423 2811 538 2868 effectu.
1194 2860 1196 2863 .
1300 2822 1302 2828 '

112 2911 191 2964 lblr
207 2906 274 2984 obj.
290 2911 318 2965 4.
340 2909 519 2984 Augustinus
533 2908 631 2965 electis
653 2908 713 2965 dari
733 2907 851 2983 gratiam
872 2905 951 2973 dicit,
973 2914 1091 2965 eeteros
1105 2907 1202 2964 vooari
1221 2926 1271 2973 ex„-

73 3003 169 3070 terius,
198 3012 334 3077 potestate
349 3003 538 3079 amplectendi
552 3002 638 3061 tidem
654 3001 730 3061 haud
743 3019 898 3060 consessa:
921 3011 941 3038 ‘⁴
952 3001 998 3060 Ad
1018 3002 1089 3060 alios
1105 3001 1204 3069 verd,''
1228 3003 1269 3060 in·

72 3099 132 3171 quit
153 3099 295 3155 “vocatio
309 3098 424 3170 quidem
440 3100 578 3173 pervenit,
593 3098 645 3155 sed
660 3099 726 3171 quia
740 3098 803 3155 taiis
817 3098 871 3156 suit
881 3116 938 3170 qua
947 3098 1056 3155 moveri
1067 3117 1124 3176 npn
1139 3107 1267 3173 possent,¹

72 3208 123 3250 neo
137 3209 202 3248 earn
214 3208 325 3268 ¹oapers
339 3192 398 3267 apti
411 3203 518 3259 essent,
532 3194 625 3250 vocati
639 3193 755 3265 quidem
766 3192 823 3249 diei
837 3200 998 3268 potuerunt,
1012 3208 1072 3251 non
1084 3192 1210 3253 oleati.”⁵

109 3288 180 3344 152.
202 3285 291 3362 Καρ,
314 3279 477 3362 Speeialem
491 3287 646 3346 'aleatorum
661 3289 840 3346 vocatiouem
860 3296 890 3346 et
903 3287 960 3346 Dei
971 3288 1197 3348 misericordiam
1208 3282 1271 3348 Auss

70 3381 203 3454 motinus
218 3398 254 3438 eo
268 3381 325 3438 loei
339 3381 491 3456 predioatr
512 3381 564 3438 sed
585 3382 655 3440 alios
672 3384 757 3441 etiam
780 3401 846 3440 vere
860 3384 965 3449 vocari,
980 3393 1010 3440 st
1022 3387 1121 3460 gratiae
1141 3385 1269 3446 subsidia

68 3476 209 3551 arripere,
225 3475 327 3547 quibus
341 3460 504 3542 uti'nolunt,
519 3477 658 3552 agnoseit.
697 3475 775 3533 Dicit
786 3475 902 3546 quidem
915 3477 1011 3534 Deum
1024 3487 1125 3536 eoram
1144 3483 1268 3554 pertina-

65 3573 143 3630 oiaur
157 3571 288 3646 frangere
302 3572 441 3646 potuisse,
455 3573 538 3647 eopia
559 3572 730 3629 auxiliorum
745 3571 857 3646 majori,
873 3570 976 3643 quibus
991 3581 1153 3629 moveretur
1166 3576 1265 3633 volun·

61 3650 129 3725 w
154 3674 174 3702 “
186 3665 328 3732 Quoniam
343 3685 401 3723 uon
416 3677 511 3742 potest
523 3666 643 3725 effeetus
659 3663 861 3723 misericordiis
882 3664 939 3722 Dei
948 3652 1019 3721 ¹esse
1031 3666 1061 3723 in
1075 3666 1202 3725 hominis
1216 3687 1266 3744 po·

67 3771 183 3828 testata,
197 3771 229 3819 ut
242 3761 344 3818 {metra
356 3760 405 3819 ilie
418 3762 595 3828 misereatur,
610 3761 636 3818 si
649 3762 737 3819 horno
751 3761 841 3828 nolit3
862 3760 967 3833 quiesi
981 3760 1066 3819 vellet
1083 3763 1169 3822 etiarn
1189 3767 1266 3842 ipso·

66 3876 133 3916 rum
147 3857 289 3925 misereri,
304 3868 403 3935 posset
417 3859 456 3915 ita
468 3876 569 3916 vorare
590 3857 735 3930 quomodo
749 3858 805 3915 iilis
819 3868 915 3933 aptum
931 3867 1017 3923 esset,
1031 3867 1063 3915 at
1076 3867 1105 3916 et
1117 3879 1266 3924 moveren-

64 3963 122 4020 tur,
135 3964 164 4010 et
174 3952 373 4028 intelligerent,
382 3962 411 4010 et
424 3964 618 4026 sequerentur.
659 3953 769 4011 Verum
782 3962 827 4010 est
839 3970 925 4028 ergo;
942 3951 1048 4010 ‘Multi
1061 3957 1165 4024 vooati,
1179 3962 1263 4033 panai

64 4046 177 4106 alseti'
219 4046 264 4106 Illi
278 4048 355 4110 enirn
369 4046 462 4114 electi,
484 4047 533 4119 qui
547 4056 736 4123 eongrneuter
749 4047 861 4106 vomu:
883 4044 925 4104 illi
945 4056 1041 4106 autern
1054 4048 1105 4122 qui
1117 4067 1177 4110 aon
1196 4069 1264 4110 eon·

363 4204 402 4263 (l)
419 4200 491 4252 Rom.
500 4200 534 4251 ix.
548 4202 588 4251 te.

362 4289 401 4346 (2)
418 4285 490 4337 Rom.
501 4284 527 4334 ii.
538 4285 563 4335 4.

367 4371 405 4430 (d)
423 4366 760 4434 Iadoprodflaaotoviii
776 4371 854 4422 nli.

368 4455 406 4516 (4)
424 4453 515 4505 Ibidem
526 4469 549 4504 u·
562 4455 601 4507 16.
621 4450 624 4454 ’
954 4512 957 4519 Ι

368 4539 407 4602 id)
424 4536 465 4596 td
476 4535 661 4610 simplicianum
672 4536 687 4590 i
698 4537 715 4594 i.
726 4553 768 4605 qu·
778 4537 794 4591 i.
805 4553 831 4591 a.
844 4537 883 4594 lt.
897 4597 900 4604 A
