2744 5024
341 66 350 83 ’
435 70 508 172 ’ΒΕ
530 112 675 172 rruru
697 112 915 174 munuum.
1226 123 1286 181 ssa

110 281 182 344 ddum
196 302 295 345 coram
314 300 390 363 rege
406 285 644 363 principibusque
667 286 821 346 declararet
844 299 935 356 vates,
960 289 1081 367 ejusque
1102 292 1193 351 lilium
1207 301 1287 353 muto

110 381 204 439 romine
212 380 387 459 dignaretur,
395 388 427 438 'et
438 383 525 440 veluti
537 383 646 441 celitus
656 383 751 442 datum
763 384 929 442 miraculum
939 385 968 442 iu
977 386 1178 446 incolumitatis
1189 389 1289 466 populi

107 476 190 554 pignus
215 478 374 536 exhiberet.
415 479 500 544 Quod
527 492 621 539 autern
643 498 713 557 puer
737 493 802 558 post
823 492 933 557 septem
957 484 1061 541 secula
1082 486 1241 543 nasciturus
1255 487 1286 549 in

107 571 202 648 signum
222 570 317 631 datum
343 574 389 640 sit,
403 574 524 650 contigit
547 576 616 647 quia
639 593 727 647 quum
753 575 789 633 de
810 576 941 634 Dauidici
967 581 1078 654 generis
1099 580 1213 638 excidio
1234 590 1288 638 tre·

107 664 226 742 pidueut,
237 684 395 743 congruum
408 678 468 725 erat
479 669 700 744 promissionem
715 668 750 727 ds
768 671 878 728 Moesia
889 690 905 728 a
915 673 1039 746 patribus
1057 674 1168 749 jamdiu
1183 693 1287 752 cxpec-

106 768 150 818 tato
161 778 304 818 renovare.
346 762 502 837 Temporis
517 775 611 821 autem
626 763 704 837 quod
716 765 885 823 intervenire
900 765 996 824 debuit
1010 770 1093 842 spatii
1109 771 1217 827 mentio
1228 789 1288 829 non

108 866 140 912 sst
150 854 226 922 iacta,
238 874 293 913 nee
303 857 380 915 enirn
392 858 425 914 ad
440 858 615 934 propositum
632 859 807 935 pertinebat:
823 859 874 917 sed
886 871 961 918 certa
971 860 1034 919 data
1046 872 1090 919 est
1103 863 1207 921 fiducia
1218 865 1288 922 Em·

108 950 248 1009 manuelem
270 951 383 1010 tandem
404 953 556 1025 aliquando
572 965 719 1011 venturum
734 974 743 1022 3
764 955 887 1027 ideoque
901 974 1006 1014 vanum
1027 975 1091 1015 esse
1107 959 1236 1016 timorem
1252 959 1289 1018 de

102 1034 185 1122 ⁴stirpis
195 1047 309 1105 excidio
321 1047 545 1106 demonstratum
561 1061 615 1106 est.
658 1049 726 1107 Non
741 1051 828 1127 igitur
841 1052 979 1126 proximas
1000 1071 1098 1129 regum
1115 1053 1203 1111 cladis
1218 1053 1289 1113 illud

110 1138 183 1201 dutum
193 1152 237 1200 est
248 1142 395 1212 indicium,
411 1155 554 1201 recusarat
567 1146 643 1202 enim
656 1145 754 1202 Achaz
767 1147 933 1204 miraculum
946 1159 1041 1223 petere
1054 1167 1062 1213 ς
1077 1147 1168 1206 sedin
1181 1150 1289 1208 incolu-

112 1237 194 1294 mitatis
204 1238 286 1314 regni
296 1248 325 1295 et
338 1240 450 1314 generis
463 1239 594 1296 Davidici
606 1240 721 1316 pignus.
743 1241 912 1299 Inusitatum
927 1260 1011 1317 porro
1026 1261 1082 1300 nnn
1098 1252 1141 1300 est
1154 1253 1289 1303 eventum

109 1335 274 1408 posteriorem
297 1334 373 1392 eertd
389 1335 552 1412 praedicere,
573 1349 604 1393 ut
619 1337 741 1412 proximi
756 1351 885 1405 eventus,
901 1338 937 1394 de
957 1357 1015 1410 quo
1036 1339 1188 1407 dubitatur,
1208 1339 1290 1398 detur

111 1430 295 1499 vadimonium,
305 1449 342 1491 ex
354 1433 517 1490 auctoritate
526 1432 705 1509 praedicujtis
715 1433 908 1510 desumptum.
935 1435 984 1493 Sic
996 1435 1095 1512 Moysi
1105 1435 1178 1494 dixit
1188 1437 1289 1495 Deusr

109 1527 186 1605 “Ego
199 1547 248 1587 ero
263 1538 375 1586 tecum:
391 1538 421 1586 et
430 1529 486 1586 hoe
496 1529 612 1586 habebis
624 1530 749 1605 signum,
761 1529 838 1602 quod
850 1530 976 1588 miserim
989 1543 1033 1587 te:
1066 1530 1143 1589 Cum
1155 1533 1289 1590 eduxeris

109 1625 235 1701 populum
251 1643 347 1685 meum
362 1623 398 1683 de
412 1624 556 1700 AEgypto‚
571 1625 733 1682 immolabis
749 1625 812 1682 Deo
826 1638 1049 1700 supermontem
1063 1626 1196 1684 istum.’'¹
1239 1627 1289 1685 stc

99 1712 170 1778 isaia
184 1719 298 1796 signum
312 1719 486 1777 liberationis
498 1720 533 1776 ab
545 1720 676 1795 Assyriis
686 1718 783 1776 datum
797 1728 860 1785 est;
883 1719 982 1780 “.Tibi
992 1732 1087 1777 autem
1099 1720 1155 1776 hoc
1166 1721 1220 1777 erit
1232 1721 1290 1796 sig·

93 1823 176 1873 num:
199 1812 330 1872 Comode
344 1814 399 1872 hoc
413 1833 488 1871 anno
503 1833 566 1887 quae
581 1823 684 1889 sponte
698 1825 862 1880 nascuntur,
877 1823 906 1870 et
919 1814 948 1870 iu
963 1832 1038 1871 anno
1052 1814 1179 1872 secundo
1195 1816 1289 1891 pomis

95 1921 224 1971 resuere:
247 1912 276 1970 iu
290 1930 365 1968 anno
386 1923 479 1968 autem
495 1912 577 1968 tertio
592 1911 731 1969 seminate
756 1920 785 1968 et
805 1912 920 1969 metite:
950 1922 979 1969 et
991 1912 1116 1989 plantate
1139 1912 1246 1980 uineas,
1261 1922 1290 1970 et

91 2006 233 2066 comedite
248 2007 355 2065 fructus
369 2006 515 2064 earum.”²

131 2109 176 2162 68.
202 2102 269 2181 Obj.
285 2107 314 2160 6.
337 2103 503 2177 Conceptus
529 2102 673 2179 virgineus
694 2102 795 2163 Mariua
816 2103 891 2160 dicto
906 2112 1014 2162 tautum
1036 2104 1149 2180 probari
1169 2113 1289 2181 poterat,

84 2200 138 2258 eui
151 2199 263 2275 loseph
277 2198 363 2256 fidem
379 2198 517 2270 adhibuit,
531 2200 643 2256 somnio
658 2198 740 2256 facile
754 2199 880 2257 delusus.

131 2299 178 2354 59.
200 2293 292 2371 Resp.
314 2293 363 2352 Ex
376 2293 570 2369 Evangelistae
585 2295 744 2351 narratione
766 2295 855 2366 liquet
870 2294 992 2352 Mariam
1014 2279 1231 2371 Josepho'nihit
1252 2294 1290 2351 de

83 2391 200 2468 ringeln
215 2374 289 2458 viso,
303 2389 394 2448 uelde
407 2390 594 2461 arcanoquod
607 2391 678 2448 inse
692 2391 849 2466 contigerat
858 2391 1000 2456 retulisse,
1015 2391 1067 2448 sed
1081 2393 1176 2449 auimo
1190 2403 1290 2468 pacato

55 2518 68 2527 -
83 2497 267 2563 expectasse,
282 2495 314 2542 ut
327 2484 418 2553 Deus,
433 2504 490 2558 qua
502 2485 611 2548 ratione
623 2486 717 2548 vellet,
730 2485 785 2541 sibi
799 2485 970 2542 consuleret.
992 2486 1065 2551 Qua
1078 2487 1164 2560 igitur
1176 2485 1289 2560 Joseph

88 2582 244 2641 insomnio
255 2580 505 2658 cogitavit,contra
516 2599 550 2637 ea
561 2599 624 2652 quae
636 2580 724 2637 menti
737 2597 787 2654 per
797 2579 873 2636 diem
883 2578 1113 2646 obversabantur,
1124 2587 1290 2646 evenerunt,
1314 2634 1317 2639 ,
1356 2663 1361 2671 Ι

91 2677 295 2735 turbatusenim
316 2688 385 2743 erat,
410 2674 525 2733 indiciis
548 2673 618 2731 uteri
645 2673 789 2730 tumentis.
832 2672 984 2729 Visionum
1009 2672 1113 2728 veritas
1134 2690 1171 2728 ex
1195 2691 1290 2731 rerum
1349 2738 1354 2751 ¹

92 2775 167 2833 serie
182 2784 212 2831 et
233 2783 337 2830 eventu
359 2772 514 2830 constabat.
557 2769 641 2837 Quod
667 2770 692 2825 si
714 2769 777 2842 quis
801 2769 877 2826 dicat
897 2767 1020 2826 fabulam
1043 2768 1231 2844 excogitatam
1254 2767 1291 2826 ad

93 2872 191 2931 Mariae
208 2870 310 2947 pudori
333 2868 551 2935 consulendum,
577 2867 740 2924 meminerit
755 2865 965 2924 matrimonium
980 2884 1046 2923 curn
1061 2864 1173 2942 loseph
1187 2854 1291 2925 initum

93 2984 206 3025 omnem
220 2965 350 3040 speciem
372 2963 473 3021 malam
489 2962 640 3019 abstulisse
663 2962 806 3029 omnibus,
832 2961 895 3019 solo
918 2973 1039 3036 excepto
1064 2962 1175 3019 marito.
1217 2961 1290 3028 Quis

93 3064 186 3123 credet
198 3062 279 3120 illum
293 3061 419 3119 mulieris
435 3059 566 3117 adulterae
579 3060 757 3117 consuluisse
772 3059 895 3117 honorii
937 3058 1009 3125 Quis
1031 3076 1096 3116 eum
1111 3059 1152 3115 rei
1168 3071 1224 3117 tam
1240 3060 1292 3117 mi·

93 3162 320 3219 reinvenrorem
346 3156 464 3225 credet?
506 3155 637 3215 Profectb
652 3177 709 3215 non
724 3159 819 3215 statim
843 3157 1019 3233 divulgatum
1043 3167 1087 3214 est
1110 3158 1290 3233 mysterium,
1326 3212 1362 3245 ,ξι

94 3257 137 3314 sed
148 3254 237 3314 Jesus
250 3255 325 3312 filius
334 3253 444 3329 loseph
457 3253 620 3321 habebatur,
635 3253 697 3310 Deo
709 3255 751 3310 sic
764 3253 932 3328 disponente
947 3265 976 3310 ut
986 3253 1144 3328 suspicioni
1157 3272 1214 3311 nou
1226 3246 1325 3311 sub-”t
1342 3244 1359 3271 ”

93 3352 196 3426 jaceret
209 3350 314 3408 Maria.
355 3349 416 3406 Suo
426 3349 488 3425 jam
504 3358 643 3423 tempore,
659 3360 809 3422 postquam
825 3346 912 3404 lestis
925 3346 1064 3420 prodigiis
1079 3365 1110 3403 se
1126 3349 1292 3421 probaverat

96 3445 199 3516 Deum,
214 3457 244 3504 et
256 3457 322 3523 post
334 3456 456 3503 mortem
478 3444 512 3502 ad
528 3444 615 3500 caelos
630 3433 804 3508 ascenderat,
826 3440 921 3498 retulit
943 3440 1097 3497 Mattheus
1120 3453 1291 3518 conceptum

41 3520 86 3585 Τ
98 3544 275 3622 virgineum
297 3544 343 3601 cui
359 3542 477 3619 proinde
498 3541 596 3598 omnia
610 3560 625 3596 a
639 3539 710 3596 lesu
732 3547 839 3614 patrata
863 3556 952 3612 opera
971 3536 1068 3593 divina
1091 3536 1290 3613 suffragantur.

99 3638 178 3699 Errat
190 3640 278 3717 igitur
293 3639 476 3696 uehementer
497 3638 598 3703 Paine‚
614 3634 737 3701 dicendo
758 3634 868 3692 nullum
883 3632 942 3690 dari
966 3650 1052 3707 posse
1067 3633 1108 3690 rei
1134 3642 1191 3690 tam
1212 3633 1291 3692 mirae

99 3745 291 3813 argumentum
303 3743 405 3810 prater
417 3733 519 3793 Mariae
532 3741 561 3788 et
574 3730 695 3806 losephi
710 3730 794 3795 dictu,
806 3747 872 3785 nam
883 3746 971 3802 opera
982 3744 1045 3797 quae
1061 3725 1128 3784 fecit
1138 3726 1224 3784 lesus
1237 3737 1292 3784 tes·

101 3835 244 3894 timonium
260 3834 353 3893 ferunt
366 3832 401 3892 de
416 3832 627 3904 omnibusque
642 3830 806 3906 scriptores,
823 3826 931 3904 Spiritu
946 3835 1044 3884 sancto
1059 3823 1182 3891 afflante,
1206 3824 1241 3881 de
1256 3842 1292 3885 eo

102 3930 260 3994 retulerunt.

529 4165 571 4230 (r)
591 4163 648 4213 Aee
659 4162 693 4212 tii.
707 4166 747 4212 12.

531 4251 573 4316 (2)
588 4248 666 4308 Ianira,
675 4247 768 4300 xxxvii
781 4251 823 4297 ³0.

505 4406 534 4449 tu
