2744 5024
328 281 386 347 ou
406 259 698 346 susurronum
720 278 992 345 EXPIATIONE.
1157 227 1165 242 ’
1202 280 1265 345 aar

68 451 158 498 moret
173 436 208 498 ub
222 441 303 499 omni
316 441 478 514 iniquitate,
492 448 520 498 et
533 439 682 498 mundaret
696 440 752 498 sibi
765 442 902 518 populum
917 437 1167 519 acceptabilem.’⁴²
1200 445 1262 508 ὑπὲρ

64 530 143 602 ἡμῖν,
152 535 191 588 lvo
200 536 353 606 λυτρώσηται
365 538 434 608 ἦμος.
475 537 547 594 Hsec
561 534 661 593 endem
675 536 759 612 pretii
773 555 825 612 pro
839 539 922 596 nobis
942 538 1039 606 soluti,
1053 546 1085 595 ut
1098 538 1180 597 liberi
1199 554 1282 617 ern·¹

64 624 176 698 dumus,
192 633 270 690 notio
284 643 421 692 servatur.
914 650 923 661 “
1268 626 1273 637 ’

114 728 323 803 teutuannes
347 730 479 807 sanguini
501 729 564 806 ejus
589 730 646 787 viru
672 728 825 787 mundandi
848 731 954 798 tribuit,
977 745 1101 805 eumque
1125 731 1263 815 propitia·

65 821 172 881 tionem
185 843 250 883 esse
264 825 343 885 dicit.
386 827 540 902 “Sanguis
554 822 626 882 Jesu
642 825 750 882 Christi
766 825 818 885 filii
833 827 895 900 ejus
910 827 1045 884 emundat
1059 845 1112 885 nos
1128 827 1163 884 ab
1184 825 1264 884 omui

64 918 228 992 peccam.”⁹
247 925 277 975 τὸ
287 923 349 989 dispo
360 919 440 990 Ἰησοῦ
451 922 560 989 Χριστοῦ
570 921 616 974 τοῦ
627 921 681 975 uno
692 919 767 975 two
777 920 906 990 καδαριζει
922 919 985 991 ἡμᾶς
994 922 1043 976 ἀπὸ
1054 940 1132 991 uncos
1141 919 1266 990 ἁμαρτία(

66 1018 94 1046 “
105 1009 164 1086 lpse
178 1024 222 1072 est
242 1016 405 1092 propitiatio
420 1016 611 1093 propeccatis
626 1015 748 1091 nostris:
772 1035 829 1073 uon
846 1035 898 1093 pro
918 1017 1022 1075 nostris
1037 1027 1130 1075 autem
1146 1028 1264 1083 tuntum,

66 1105 216 1168 sedetiam
232 1130 284 1186 pro
298 1113 386 1188 totius
400 1111 546 1170 muudi.¹’³
564 1115 639 1173 soror
651 1107 748 1180 impis
758 1115 820 1166 tart·

116 1205 176 1261 tut.
197 1204 231 1262 ln
245 1207 423 1283 Apocalypsi
437 1207 524 1265 abluti
539 1207 661 1265 dicimur
674 1219 703 1265 et
716 1191 856 1283 redempti
877 1204 939 1283 ejus
954 1208 1111 1283 sanguine:
1135 1217 1155 1244 ‘⁴
1166 1207 1267 1266 dilexit

66 1315 134 1366 nos,
145 1313 174 1359 et
186 1301 254 1360 lavit
266 1321 320 1360 nos
335 1305 485 1380 apecastis
497 1305 601 1363 nostris
614 1306 792 1382 insanguine
804 1301 905 1362 suo.”⁴
926 1314 946 1341 ‘⁶
958 1305 1080 1363 Occisus
1091 1323 1135 1372 es,
1147 1313 1176 1362 et
1187 1304 1265 1362 rede·

68 1395 144 1455 misti
157 1417 210 1457 nos
225 1401 290 1459 Deo
303 1401 332 1459 iu
344 1402 482 1478 sauguine
494 1390 590 1459 to'o.''⁵
628 1403 742 1458 mismo
761 1399 823 1472 ἡμᾶς
840 1396 889 1456 oo
904 1407 955 1456 τῶν
969 1399 1094 1471 ἁμωρτιῶν
1110 1403 1177 1471 ἡμῶν
1194 1406 1218 1456 tv
1229 1403 1266 1469 τῷ

69 1492 155 1560 duur·
164 1496 251 1551 snm.
280 1498 444 1568 q’pdpqui
455 1501 505 1565 3εῷ
515 1497 578 1568 ἡμᾶς
588 1504 613 1553 to
624 1503 661 1567 τῷ
671 1499 761 1569 uniat
772 1521 821 1556 uou-
864 1501 967 1559 Groeca
981 1519 1038 1558 vox
1052 1502 1082 1559 in
1096 1501 1197 1558 ultimo
1212 1509 1267 1557 tos·

72 1585 186 1650 timonio
199 1592 335 1660 adhibita,
350 1612 413 1666 qun
422 1593 581 1652 rudimundi
594 1595 732 1652 vocabulo
744 1595 846 1654 Latine
860 1607 904 1653 est
921 1595 1038 1664 reddita,
1050 1613 1145 1654 emere
1160 1596 1191 1653 iu
1202 1595 1265 1653 foro

71 1688 241 1762 reipublice
254 1690 369 1751 venales
383 1691 535 1766 siguificat.
577 1712 580 1716 “

116 1783 176 1840 loo.
198 1783 249 1842 Ex
261 1784 307 1842 his
321 1786 455 1843 omnibus
468 1785 559 1858 liquet
573 1797 694 1844 mortem
710 1782 819 1844 Christi
834 1788 941 1859 ubique
956 1785 1085 1844 exhiberi
1100 1787 1186 1844 veluti
1200 1804 1264 1861 pre·

75 1869 139 1936 litto
150 1897 201 1954 pro
215 1880 298 1938 nobis
307 1881 444 1950 solutum,
456 1893 485 1939 ut
496 1900 549 1939 nos
561 1882 617 1938 sibi
625 1892 816 1957 compararet,
823 1882 956 1939 liberatos
968 1900 984 1937 u
994 1882 1102 1956 peccati
1116 1881 1263 1948 servituto,

74 1974 219 2034 mundatos
239 1977 303 2053 ejus
324 1977 464 2046 sordibus,
488 1978 632 2036 absolutos
661 1978 725 2053 ejus
748 1988 837 2047 reatu,
859 1979 1011 2054 ipsamque
1038 1995 1103 2035 esse
1131 1977 1267 2054 propitiu-

72 2063 185 2143 flouem
201 2075 346 2150 piaculum
360 2075 395 2134 ad
409 2076 528 2134 Numen
542 2075 723 2152 placandum.

108 2170 176 2233 126.
200 2171 373 2231 Consoranni
398 2171 554 2234 uaticinio.
595 2172 696 2240 lsaias,
721 2171 757 2229 de
780 2170 900 2231 Christo
923 2172 1023 2244 utique
1046 2171 1181 2245 loquens,
1206 2172 1264 2229 ait:
1292 2228 1298 2238 „

69 2261 89 2293 ‘⁴
99 2259 176 2325 vos
187 2267 340 2344 languores
354 2277 467 2327 nostros
481 2268 545 2344 ipse
556 2267 629 2335 tulit,
641 2278 670 2325 et
681 2266 796 2325 doloret¹
804 2278 920 2333 moos
933 2268 997 2348 ipso
1011 2269 1151 2346 portavit:
1173 2278 1202 2327 et
1211 2285 1265 2328 nos

66 2362 230 2430 putavimus
243 2383 322 2433 eum,
341 2367 422 2439 quasi
436 2364 592 2442 leprosum,
604 2374 633 2422 et
646 2346 814 2440 percussum
829 2366 933 2434 sDou,
944 2376 974 2424 et
986 2365 1176 2427 humiliatum.
1198 2366 1266 2442 lpse

64 2460 340 2525 momentumque
353 2471 399 2518 est
412 2471 527 2537 propter
536 2461 700 2533 iniquitates
714 2474 836 2530 nostras,
853 2463 964 2521 attritus
974 2473 1019 2521 est
1031 2473 1147 2538 propter
1158 2461 1267 2519 seelera

61 2562 185 2612 uostn:
206 2556 359 2632 disciplina
383 2557 461 2633 pacis
476 2568 583 2614 nostrae
603 2575 689 2631 super
711 2574 789 2624 eum,
805 2567 833 2614 et
845 2557 937 2614 livore
959 2558 1022 2633 ejus
1044 2558 1135 2615 sanati
1154 2575 1265 2615 sumus.

61 2637 179 2709 Omnes
193 2669 247 2709 uos
262 2652 344 2724 qussi
357 2669 427 2711 oves
442 2652 609 2718 erravimus,
630 2651 829 2723 unusquisque
849 2652 880 2708 in
894 2651 970 2709 viam
992 2669 1074 2711 suam
1095 2648 1265 2707 declinavits

61 2732 207 2819 ⁵t·1tosuit
220 2742 364 2810 Dominus
378 2746 409 2804 in
429 2764 464 2804 eo
479 2745 646 2818 inquitatem
668 2745 797 2802 omniurn
820 2755 962 2803 nostrum.
1003 2744 1122 2802 Oblatus
1136 2753 1180 2799 est
1200 2744 1267 2815 quia

61 2826 136 2907 51³oe
149 2838 246 2906 voluit,
258 2851 287 2897 et
300 2858 358 2897 non
372 2841 481 2916 aperuit
494 2859 527 2896 os
549 2856 653 2895 suumt
675 2837 749 2895 sicut
762 2839 824 2895 ovis
839 2837 875 2895 ad
895 2839 1068 2907 occisionem
1091 2836 1217 2904 ducetur,
1239 2845 1268 2894 et

61 2918 256 3010 suaningun
271 2952 368 2992 coram
382 2934 516 3002 tondente
530 2953 562 2991 se
583 2934 770 3000 obmutescet,
785 2943 814 2989 ct
828 2951 886 2990 uon
906 2933 1015 3008 aperiet
1029 2951 1062 2990 os
1083 2949 1177 2988 suum.
1221 2930 1266 2994 De

61 3028 200 3103 *ugustis
220 3037 249 3086 ot
273 3028 309 3086 de
325 3026 436 3105 judicio
460 3030 587 3087 sublatus
612 3039 671 3087 est:
693 3028 906 3105 generationem
928 3029 991 3104 ejus
1014 3026 1080 3101 quis
1101 3025 1266 3110 enarrabitl

61 3120 141 3199 ¹luia
153 3124 294 3183 abscissus
308 3137 353 3184 est
366 3125 401 3183 de
423 3138 496 3184 terra
508 3127 686 3184 viventium:
707 3135 823 3201 propter
836 3125 930 3182 scelus
950 3125 1050 3202 populi
1067 3124 1124 3182 urei
1139 3123 1268 3200 percussi

61 3202 141 3293 Μ
159 3263 166 3279 .
189 3263 197 3280 .
220 3264 228 3279 .
251 3264 259 3280 .
281 3223 312 3281 in
325 3224 445 3280 scientia
458 3241 509 3280 sua
525 3222 693 3300 justificabit
707 3223 769 3299 ipse
785 3223 882 3299 justus
897 3240 997 3280 servus
1012 3241 1092 3281 meus
1108 3221 1222 3289 multos,
1239 3232 1267 3278 et

61 3298 234 3387 iffiquitates
249 3336 348 3378 eorum
370 3321 433 3396 ipse
448 3320 578 3396 portabit.
619 3319 690 3378 ideo
712 3318 878 3397 dispertiam
894 3320 921 3378 ei
944 3319 1095 3396 plurimos,
1110 3330 1139 3377 et
1152 3318 1266 3385 sortium

61 3400 177 3472 dividet
189 3414 292 3492 spolia,
307 3435 359 3492 pro
373 3435 408 3473 eo
423 3415 500 3489 quod
515 3415 627 3473 tradidit
648 3417 677 3474 in
691 3426 812 3474 mortem
827 3416 952 3474 animum
972 3435 1065 3483 susm,
1079 3426 1108 3473 et
1127 3435 1191 3473 curn
1206 3433 1268 3473 sce·

61 3508 164 3568 uerutis
177 3520 322 3588 reputatus
337 3522 395 3570 est:
411 3512 512 3590 etipse
527 3520 643 3588 peccatu
655 3510 807 3568 multorum
822 3509 894 3576 tulit,
907 3520 936 3566 et
948 3528 1000 3584 pru
1012 3512 1266 3584 transgressoribus

61 3606 225 3674 ''futuit”⁸
497 3616 500 3622 ’
964 3659 967 3663 .
1233 3624 1236 3629 ·

74 3701 89 3713 ⁹
113 3698 177 3763 127,
198 3703 233 3763 In
248 3704 303 3762 hoc
318 3691 450 3762 vaticinio
464 3705 510 3781 agi
524 3703 559 3761 de
574 3701 685 3760 Massia
698 3719 736 3758 ox
750 3700 813 3777 ipsa
823 3700 887 3776 ejus
899 3698 1016 3756 historia
1029 3697 1099 3775 ontis
1112 3698 1266 3785 colligitur,

61 3798 221 3858 ’eoanin
246 3801 326 3857 casui
348 3809 442 3876 potest
462 3809 538 3859 tanta
554 3816 647 3858 rerum
669 3807 814 3874 gestarum
835 3814 899 3855 cum
915 3795 998 3853 dictis
1020 3792 1269 3883 uolgum-§iteum

61 3878 174 3954 ribuig
195 3906 307 3955 constat
331 3896 416 3954 etiam
441 3895 610 3953 vetustiores
631 3892 748 3952 Judaeos
770 3891 840 3951 illud
856 3888 900 3975 ita
913 3882 1102 3963 intellexisse,
1119 3888 1268 4009 ww

507 4099 699 4163 inmun

501 4168 812 4244 muumuu'fi

503 4270 686 4329 (umus
795 4257 799 4263 '

439 4376 444 4386 ·
503 4357 541 4416 (4)
560 4355 700 4419 Aponus.

505 4438 666 4499 (umus
822 4488 837 4505 Α

388 4594 390 4599 p
500 4504 826 4605 mfflmu*
