2744 5024
422 289 480 355 nu
502 278 867 356 possessarum.
1205 298 1265 355 see

62 458 180 526 regnum
194 446 252 509 Dei
266 450 447 528 pergratiam
462 451 519 512 Dei
530 449 737 529 pradesdnatis
752 471 810 512 non
823 452 879 511 tale
890 451 1060 530 adjutorium
1077 470 1263 530 perseveran-

65 543 106 601 tia
120 546 214 615 datur,
233 545 285 605 sed
299 546 365 616 tale,
381 559 413 606 ut
433 549 476 607 eis
490 550 700 626 perseverantia
719 550 784 627 ipsa
807 550 945 618 donetur3
967 550 1143 617 neusciam,
1158 549 1265 607 utsine

65 636 117 698 isto
131 639 209 699 dono
222 654 437 718 perseverantes
451 661 516 701 esse
530 660 588 702 non
603 645 725 720 possint,
741 661 838 705 serum
859 644 955 712 etiam,
970 655 1002 702 ut
1024 663 1076 722 per
1089 644 1144 703 hoc
1157 643 1264 702 donum

63 726 176 793 nonnisi
189 747 403 813 perseverantes
424 737 527 799 sint.”¹
566 739 666 814 Igitur,
688 739 714 796 si
735 739 888 816 Augustini
910 739 946 796 de
969 740 1186 817 perseverantia
1201 756 1263 796 mu·

61 846 128 888 nere
142 829 278 890 doctrina
293 830 426 890 standum
447 833 494 901 sit,
508 842 603 893 actum
618 842 663 891 est
680 832 715 891 de
728 833 859 892 libertlte
881 832 1017 902 humana,
1032 844 1062 894 et
1074 835 1186 894 sincera
1210 833 1266 892 Dei

65 931 204 1007 reprobos
219 930 347 990 sdvaudi
361 931 515 990 voluntate.

100 1027 172 1082 403.
196 1023 286 1104 Resp.
308 1027 461 1104 Augustini
476 1026 638 1085 testimonia
657 1027 810 1086 ostendunt
831 1025 947 1102 quidem
974 1027 1212 1104 perseverantiam
1226 1043 1265 1084 ex

63 1120 184 1177 occultis
198 1119 255 1177 Dei
269 1122 409 1189 consiliis,
422 1122 595 1194 aequissimis
611 1132 717 1190 tamen,
730 1121 853 1198 pendere
867 1142 874 1180 ε
897 1123 948 1180 sed
960 1123 1037 1180 salva
1051 1123 1169 1181 omnino
1182 1121 1265 1180 liber·

62 1225 118 1273 tate
143 1215 280 1284 humana,
294 1228 322 1275 et
336 1219 447 1276 sincera
467 1217 523 1275 Dei
538 1219 674 1294 reprobos
695 1219 825 1277 salvandi
847 1220 1000 1278 voluntate.
1042 1218 1265 1277 Distinctionem

61 1309 135 1366 inter
150 1309 339 1387 eupatorium
350 1310 415 1370 aine
428 1329 485 1388 quo
496 1329 558 1370 non
571 1313 664 1388 possit
677 1313 741 1386 quis
757 1330 948 1389 perseverare,
964 1324 992 1372 st
1005 1313 1193 1390 urijutorittm
1206 1330 1264 1390 quo

62 1414 235 1480 perseverat,
251 1405 383 1474 instituit,
398 1405 526 1479 illudque
536 1405 632 1464 datum
647 1407 758 1465 homiui
773 1408 895 1484 integro,
911 1409 966 1467 hoc
979 1408 1081 1485 lapsis,
1097 1409 1263 1466 hominibus

64 1499 144 1568 dicit,
161 1501 233 1560 adeo
247 1512 280 1560 ut
299 1521 351 1580 per
364 1503 419 1562 hoc
433 1503 540 1561 donum
564 1502 681 1561 nonnmi
706 1512 920 1579 perseverantes
936 1504 1003 1562 sint.
1046 1504 1112 1563 Hoc
1127 1503 1162 1561 de
1186 1504 1265 1561 finali

65 1598 283 1670 perseverantia,
306 1598 407 1655 mortis
441 1597 552 1655 scilicet
586 1616 652 1655 cum
686 1598 776 1674 gratia
812 1599 1024 1675 conjunctione,
1059 1598 1192 1676 intelligit
1225 1599 1261 1657 P.

66 1690 241 1759 Zacharias,²
257 1692 304 1749 cui
319 1694 403 1751 rerba
414 1693 524 1769 objecta
538 1700 566 1751 et
579 1692 634 1750 alia
647 1693 728 1769 plura
743 1695 904 1752 testimonia
914 1694 1018 1752 lavent.
1055 1693 1100 1750 Ad
1110 1693 1263 1769 specialem

69 1786 152 1862 igitur
180 1786 238 1844 Dei
265 1806 332 1864 erga
352 1788 462 1846 eleetos
483 1805 608 1846 amorem
633 1788 759 1856 refertur,
774 1788 851 1861 quod
865 1806 916 1846 eos
930 1807 946 1844 e
961 1789 1019 1846 vita
1037 1797 1121 1846 vocet
1140 1807 1175 1845 eo
1196 1798 1267 1845 tem·

66 1881 141 1957 poris
156 1891 315 1948 momento,
331 1901 389 1955 quo
399 1883 471 1959 justi
486 1895 562 1950 sunt,
577 1876 673 1958 gratiae
685 1881 916 1958 obtemperando.
974 1882 1117 1940 Caeterum
1133 1899 1191 1940 non
1204 1900 1265 1958 gra·

66 1992 164 2034 ramur
178 1993 213 2032 ea
221 1976 378 2054 intelligere
392 1977 428 2035 de
442 1975 557 2034 auxiliis
572 1975 607 2034 ad
622 1975 871 2052 perseverandum,
884 1977 988 2050 quibus
1004 1977 1133 2035 voluntas
1149 1977 1262 2034 robora·

67 2080 119 2138 tur,
135 2090 202 2145 quae
224 2082 319 2132 tanmn
339 2073 447 2132 nullam
468 2075 526 2130 vim
549 2082 597 2130 aut
616 2073 816 2132 necessitatem
837 2072 984 2131 inducunt.
1026 2073 1166 2131 Praedicat
1186 2091 1264 2150 sape

66 2169 242 2247 Augustinus
257 2171 352 2246 gratia
367 2171 442 2229 vires
465 2171 567 2242 quibus
578 2170 674 2247 Justus
690 2170 786 2227 omnia
799 2169 854 2227 sibi
868 2170 1046 2229 adversantis
1067 2189 1202 2247 superare
1215 2188 1263 2228 vs·

64 2263 131 2322 leat:
155 2274 175 2301 ‘⁴
186 2265 343 2324 fortissimo
364 2267 471 2343 quippe
486 2265 595 2324 dimisit
611 2276 695 2339 atque
711 2266 840 2342 permisit
864 2266 955 2324 lacere
970 2265 1047 2339 quod
1062 2267 1166 2335 sellet;
1187 2266 1265 2326 infir·

65 2362 118 2420 mis
132 2365 267 2431 servavit,
285 2374 317 2422 ut
330 2364 394 2440 ipso
409 2364 530 2422 donante
547 2363 734 2421 invictissime
749 2363 826 2437 quod
846 2363 952 2423 bonum
974 2373 1018 2422 est
1031 2364 1145 2433 vellent,
1160 2375 1189 2423 et
1209 2366 1264 2424 hoc
1364 2358 1367 2377 ⁵

66 2457 195 2516 deserere
220 2460 408 2518 invictissime
422 2459 575 2519 nollent.'’¹
616 2461 701 2518 Hauc
726 2461 784 2519 vim
807 2461 959 2519 voluntatis
974 2461 1069 2536 gratia
1085 2464 1200 2521 munitae
1216 2463 1263 2521 ad·

66 2563 163 2612 versus
186 2557 367 2624 tentationes,
383 2557 576 2633 potiusquam
593 2556 650 2612 vim
664 2557 760 2632 gratias
776 2556 805 2612 in
820 2555 1003 2621 voluntatem,
1019 2556 1173 2631 praedicare
1188 2557 1265 2617 vide·

66 2659 108 2707 tur
134 2651 324 2728 Augustinus.
386 2649 627 2729 Insepuradiliter
661 2653 781 2715 autem,⁴
808 2667 866 2707 non
899 2649 1140 2726 insuperabiliter
1172 2651 1264 2727 agitur

67 2745 206 2810 voluntas,
220 2747 319 2805 intimo
330 2765 405 2805 nexu
416 2767 481 2805 cum
493 2747 581 2824 gratia
594 2746 755 2821 conjuncta,
768 2743 903 2816 quamdiu
915 2744 943 2801 ei
954 2743 1087 2802 adhaeret.
1130 2746 1264 2804 Servatur

66 2838 149 2916 igitur
160 2841 285 2899 humana
297 2842 422 2910 libertas,
434 2855 462 2899 et
471 2841 629 2900 ostenditur
638 2841 750 2898 sincera
761 2857 828 2914 erga
838 2840 973 2915 reprobos
987 2839 1117 2897 voluntas
1127 2839 1194 2908 Dei,
1203 2840 1264 2912 qui·

68 2933 117 2992 bus
145 2937 364 3011 perseverantia
388 2955 491 2994 munus
513 2956 549 2994 ex
571 2935 682 2994 infinita
701 2952 754 2993 sua
768 2932 892 2991 bonitate
907 2932 1024 3010 largitus
1038 2943 1125 3002 esset,
1141 2933 1197 2991 uisi
1211 2951 1264 2992 sua

69 3030 153 3108 culpa
167 3032 355 3091 obstitissent.
1065 3024 1069 3035 ⁸

100 3131 172 3186 404.
199 3125 265 3204 obj.
282 3133 311 3186 3.
333 3127 598 3186 Praedestinatiouis
610 3126 714 3204 dogma
728 3144 765 3184 ex
779 3124 907 3184 doctrina
922 3124 957 3183 de
972 3125 1187 3201 perseverantia
1203 3142 1264 3183 mu-

67 3239 130 3282 nere
145 3222 219 3291 fluit,
234 3224 276 3280 uti
290 3222 386 3281 docuit
402 3224 577 3300 Augustinus
592 3223 648 3282 sibi
662 3221 816 3281 admodum
828 3231 962 3280 constans
973 3221 1004 3280 iu
1019 3231 1077 3280 tota
1088 3221 1141 3281 hac
1155 3220 1190 3280 de
1204 3240 1266 3300 gra·

67 3317 101 3378 tia
111 3318 263 3378 doctrina:
285 3328 407 3378 attamen
422 3320 555 3383 abhorret
567 3338 670 3378 sensus
685 3319 856 3377 christianus
870 3338 886 3375 a
900 3317 1158 3395 praedestinatione.

99 3418 172 3474 405.
194 3413 283 3493 Resp.
305 3416 333 3472 A
353 3416 611 3491 predestinatione,
633 3423 718 3490 prout
738 3413 813 3489 apud
834 3413 987 3488 plerosque
1004 3416 1065 3489 jam
1087 3415 1265 3491 intelligitur,
1304 3438 1310 3446 “

65 3512 196 3572 abhorret
205 3512 323 3570 omniuo
335 3530 436 3569 sensus
449 3512 630 3577 christianum
642 3527 709 3566 nam
719 3508 917 3565 hereticorum
929 3525 999 3563 usus
1009 3509 1086 3575 fecit,
1098 3522 1129 3566 ut
1139 3509 1174 3567 de
1186 3510 1266 3569 abso·

64 3602 122 3670 luto
137 3609 196 3667 Dei
210 3607 335 3677 decreto,
356 3627 413 3683 quo
434 3607 550 3681 quidam
567 3605 736 3685 {suppliciis
752 3601 867 3678 quidam
892 3601 1059 3660 beatitudini
1079 3603 1264 3672 destinantur,

61 3721 177 3765 summa
190 3704 247 3780 Dei
257 3705 393 3780 potentia,
406 3704 483 3761 nulla
494 3703 589 3761 habita
602 3687 753 3760 criminum
764 3699 808 3757 sel
818 3699 951 3756 virtutum
966 3698 1085 3766 ratione,
1101 3699 1264 3776 accipiatur.

59 3798 130 3863 Hoc
143 3801 251 3878 dogma
264 3819 301 3859 ex
316 3801 466 3865 catholica
478 3799 513 3858 de
528 3799 747 3876 perseverantia,
755 3795 883 3855 doctrina
892 3813 950 3853 nou
960 3794 1032 3862 fluit,
1043 3797 1174 3867 quamvis
1186 3798 1264 3869 enim

57 3898 188 3980 speciale
203 3916 269 3955 esse
284 3897 339 3955 Dei
355 3916 460 3956 munus
483 3914 546 3954 eam
561 3912 761 3973 agnoscamus,
776 3911 834 3951 non
849 3890 914 3948 ideo
931 3901 1025 3948 tamen
1049 3909 1113 3949 eam
1126 3910 1164 3950 ex
1185 3894 1266 3952 abso·

56 3991 122 4057 luto
134 3996 251 4054 decreto
260 3994 384 4073 pendere
397 3992 545 4060 docemus3
558 3992 633 4050 sede
645 4000 743 4050 contra
751 3987 913 4047 Tridentini
926 3987 1025 4044 Patres
1036 3985 1149 4046 docent:
1162 3987 1264 4047 “Deus

99 4226 143 4292 (1)
163 4223 218 4273 Lm.
227 4222 369 4292 dejcorrspt
381 4230 406 4274 et
416 4222 494 4286 grstia
504 4238 525 4271 c.
534 4221 577 4271 xii.

101 4313 145 4378 (2)
164 4310 319 4361 Franc.Ant
336 4309 482 4360 Zachariae
493 4309 519 4358 S.
531 4308 555 4358 J.
571 4308 602 4358 de
613 4306 740 4374 edJutorio,
750 4304 867 4372 Simque
877 4319 929 4355 non
940 4307 963 4354 st
974 4301 1088 4370 sineque
1096 4301 1203 4352 disaibs.

102 4395 145 4461 (3)
165 4394 204 4445 De
214 4401 316 4460 corrept.
327 4401 351 4444 et
359 4395 437 4458 gratis
445 4409 471 4443 n.
485 4394 527 4441 ³9.

102 4479 144 4544 (4)
162 4477 201 4528 lta
210 4478 269 4541 legit
280 4478 333 4543 ipse
345 4476 465 4528 Calvinus
481 4477 508 4527 in
519 4472 598 4526 lustit
632 4471 672 4522 Ita
682 4471 813 4534 legendum
824 4471 930 4523 ostendit
945 4469 1029 4535 Scipio
1046 4467 1130 4519 Msffei
1141 4468 1182 4520 lst.
1199 4468 1271 4546 'Psoi’

69 4558 299 4634 lffipfflmz
