2744 5024
443 273 501 336 ltu:
522 272 705 337 HOMINIS
725 273 913 336 manunt.

276 629 433 711 PARS.
457 628 534 709 111.
581 623 1088 708 ANTHnoronoum

408 933 446 992 0.
468 931 495 992 l.
534 931 592 992 Du:
613 932 794 992 HOMlNlS
815 928 1003 990 NATURA.

124 1112 175 1171 71.
197 1111 272 1180 Qua
283 1111 410 1173 hominis
424 1119 555 1188 spactant
567 1120 694 1168 naturam
710 1119 740 1167 at
752 1105 963 1170 conditionem,
977 1102 1011 1161 ad
1033 1101 1185 1161 scientiam
1202 1110 1283 1160 natu-

82 1205 172 1265 ralam
184 1207 284 1265 referri
297 1216 428 1284 possunt,
443 1206 551 1283 quippe
565 1223 630 1277 quae
644 1205 782 1281 ploraque
793 1201 930 1259 sensibus
941 1200 1104 1276 subjacent,
1115 1198 1162 1257 vel
1177 1197 1238 1256 suis
1249 1213 1281 1254 aa

81 1300 207 1379 produnt
219 1302 385 1361 effectibus:
407 1316 556 1368 emtarum,
570 1302 611 1358 uti
626 1302 678 1358 rita
692 1298 891 1359 animaduertit
905 1296 1062 1374 Angelicns
1076 1295 1190 1361 doctor,
1206 1303 1228 1332 ‘⁴
1237 1311 1280 1360 aa,

83 1413 149 1470 quta
162 1397 192 1455 in
206 1396 327 1456 diversis
341 1398 469 1456 scientiis
483 1397 694 1474 philosophicis
708 1404 872 1461 tractantur,
887 1402 981 1470 potest
993 1410 1074 1451 sacra
1086 1390 1218 1449 doctrina
1227 1408 1280 1449 una

83 1492 212 1551 aistano
225 1493 406 1553 coudderare
419 1495 474 1552 sub
486 1512 543 1551 una
556 1493 675 1560 ratione,
691 1493 870 1564 inquantum,
885 1489 995 1553 scilicet
1008 1498 1074 1549 sont
1087 1487 1230 1549 diuinitus
1241 1503 1282 1545 re·

84 1587 265 1647 volubilia.”¹
303 1589 381 1656 Quid
396 1590 481 1667 igitur
494 1589 529 1648 de
543 1586 764 1647 homine-tradat
778 1587 918 1663 scriptura
931 1583 1084 1650 videndum
1100 1593 1155 1643 ast.

126 1690 177 1746 72.
198 1685 276 1746 Eum
292 1696 358 1764 post
370 1697 474 1746 cotnra
487 1686 641 1745 animantia
654 1694 778 1743 creatum
793 1680 1283 1760 resertMoyscstnacdmseatiuat

83 1782 141 1851 iam
157 1783 283 1863 Goulogi
304 1784 444 1862 plerique,
458 1783 590 1857 quamuis
612 1790 712 1860 putent
731 1800 784 1858 per
804 1780 910 1838 soecnla
928 1780 987 1845 sero
1008 1779 1160 1841 mnumcra
1181 1788 1281 1847 terram

84 1881 225 1952 extitisse,
239 1882 441 1949 animantibus,
456 1899 586 1954 quornm¹
598 1879 714 1956 species
732 1878 848 1956 penitus
864 1877 1056 1945 extinctam,
1071 1894 1135 1934 eam
1158 1875 1283 1935 incolam

84 1977 177 2037 riuus:
197 1996 297 2039 eorum
310 1978 421 2036 scilicet
434 1979 553 2046 exuvias
574 1978 605 2034 in
619 1977 740 2053 rupium,
750 1975 908 2040 visceribus
929 1975 1109 2042 iurauerunt,
1124 1974 1214 2033 nullis
1234 1973 1284 2033 1»

85 2074 173 2132 minis
187 2074 317 2146 reliquiis
331 2073 477 2130 admixtis.
519 2072 665 2132 caetorum
680 2073 830 2131 Mosaime·
840 2073 1008 2132 narrationis
1022 2072 1193 2148 simplicitas
1207 2070 1294 2138 uoti..

85 2177 118 2226 ut
131 2165 281 2227 eradamus
294 2167 442 2226 homiuem
456 2167 543 2243 paulo
557 2177 622 2244 post
635 2187 669 2225 ea
682 2180 819 2236 creatum,
833 2176 918 2226 sextu
932 2168 1042 2227 scilicet
1053 2166 1111 2236 die,
1125 2168 1222 2241 iisque
1235 2166 1286 2226 do·

85 2264 225 2324 minatum
248 2279 332 2321 csse:
360 2280 415 2321 nee
436 2281 511 2339 opus
531 2275 577 2321 est
596 2273 628 2322 ut
647 2264 837 2340 explicemus,
853 2283 904 2322 cur
923 2264 1009 2323 nullo
1028 2264 1092 2340 ejus
1106 2265 1285 2340 reperiasttu

86 2359 210 2426 exuviae,
225 2376 314 2432 quum
328 2357 460 2433 plurimis
473 2359 587 2417 casibus
601 2358 630 2417 id
644 2360 768 2435 potuerit
780 2359 956 2435 contingere,
964 2368 993 2416 ct
1002 2359 1049 2416 six
1061 2359 1210 2434 explorata
1220 2360 1285 2418 sita

88 2456 228 2533 Geologis
243 2464 424 2514 catenarum
438 2473 503 2533 pars
513 2473 598 2529 quarn
613 2454 698 2532 primi
706 2456 857 2524 ¹hominos,
869 2454 937 2513 dunr
949 2454 1033 2531 pauci
1043 2465 1141 2514 essent
1151 2470 1284 2524 numero,

86 2552 311 2633 incoluerunt’2

125 2658 175 2715 7³.
197 2654 312 2734 Corpus
327 2655 483 2717 humanum
495 2676 535 2716 ex
548 2657 619 2718 limo
632 2677 648 2715 a
660 2656 728 2717 Deo
740 2653 888 2714 conditum
902 2653 998 2712 rotulit
1011 2652 1148 2729 Moyses,
1161 2653 1285 2730 ejusque

70 2761 73 2768 '
85 2753 201 2811 naribus
212 2753 311 2814 flatum
322 2755 386 2813 vitae
395 2775 412 2813 a
422 2756 487 2815 Deo
499 2755 680 2813 immissum:
697 2761 716 2789 ‘⁶
727 2752 876 2828 inspiravit
886 2752 917 2809 in
928 2749 1283 2835 iaciemejusapiruoulnm

85 2849 161 2918 uitae,
176 2859 205 2909 ct
218 2851 308 2910 sactus
322 2861 366 2909 est
385 2851 474 2910 homo
488 2853 517 2908 in
537 2851 661 2909 animam
676 2846 868 2906 viventem.'’³
906 2845 977 2904 iada
997 2857 1183 2920 sumpserunt
1202 2864 1284 2904 occa,

82 2946 195 3005 aionem
221 2946 366 3011 Gnostici,
380 2946 547 3012 Manichaei,
559 2956 596 3020 „et
617 2944 844 3002 Priscillianistae
861 2942 988 3000 unimam
1009 2940 1097 2999 veluti
1119 2941 1282 3016 portionem

85 3039 190 3097 divinae
205 3039 368 3096 substantia
382 3037 523 3106 habendi,
545 3039 621 3110 quod
643 3038 858 3113 simplicissima
878 3036 935 3095 Dei
949 3046 1058 3103 natum,
1072 3035 1144 3093 nulli
1157 3036 1283 3095 obnoxia

84 3134 245 3200 mutationi,
271 3142 347 3190 vetat
369 3133 518 3209 cogitare.⁴
544 3133 712 3206 ‘Equidem
735 3150 820 3190 voces
845 3149 963 3189 asacro
984 3132 1121 3207 scriptore
1150 3131 1284 3191 adhibite

83 3229 241 3288 humanum
257 3229 326 3302 quid
339 3239 452 3297 sonant,
466 3229 631 3286 hominibus
646 3229 755 3286 scilicet
769 3228 1038 3296 accommodantur3
1052 3228 1102 3286 sed
1118 3247 1186 3287 eum
1200 3230 1285 3289 t‘acile

84 3325 234 3401 excipiunt
247 3342 375 3389 sensum,
391 3323 467 3396 qnod
483 3323 563 3381 Deus
575 3325 687 3400 corpori
701 3324 828 3381 humano
842 3333 950 3381 motum
961 3324 1105 3396 vitamque
1121 3324 1282 3401 impertitus

84 3421 140 3480 sit:
162 3430 264 3517 nup-p
281 3408 411 3530 ΜΨ).
453 3419 583 3480 Halitnm
598 3430 692 3482 autem
706 3421 771 3480 uite
793 3437 857 3479 csse
871 3421 1007 3487 animam,
1023 3420 1154 3496 spiritum
1170 3421 1284 3480 scilicet

85 3536 120 3598 ad
135 3539 191 3598 Dei
205 3539 360 3617 imaginem
374 3543 514 3605 creatum,
527 3555 563 3596 ex
576 3538 611 3597 iis
623 3556 687 3610 quae
696 3537 731 3597 de
746 3535 906 3594 lrominead
919 3535 976 3597 Dei
990 3536 1283 3612 imaginemcreando

83 3635 154 3695 dicit
166 3654 246 3694 sacar
259 3645 350 3702 autor,
364 3633 464 3693 meriti
477 3633 594 3698 insertur
603 3652 618 3701 3„
627 3653 681 3699 neo
691 3633 767 3691 enirn
782 3633 812 3690 in
824 3631 1096 3708 corporoNumiuis
1113 3635 1280 3711 exemplum

82 3732 187 3790 intueri
200 3740 254 3790 est.
295 3729 588 3803 “Animam'’·iuquit
602 3731 808 3798 Tertullianus,
826 3739 895 3788 “ox
916 3729 973 3792 Dei
993 3729 1072 3797 fluo,
1087 3749 1150 3788 uou-
1163 3749 1201 3790 ax
1224 3752 1283 3792 ma·

83 3826 154 3888 uria
168 3825 365 3896 vindicamur
379 3827 482 3886 muniti
496 3838 524 3884 et
537 3827 597 3885 illio
607 3827 712 3887 diviuae
725 3827 968 3886 determinationis
984 3827 1283 3908 inobscurabiliregu-

81 3923 120 3994 la,
136 3925 193 3983 ‘Et
218 3924 317 3993 flavit)
333 3925 435 3998 inquit,
451 3924 551 3982 ‘Deus
572 3925 671 3983 ilatum
687 3925 794 3986 vitaein
817 3925 919 3983 inciam
935 3924 1060 3985 hominia
1074 3933 1103 3981 ct
1123 3923 1216 3996 iactus
1238 3939 1284 3996 cst

81 4019 172 4082 homo
185 4023 218 4083 in
229 4023 354 4091 animam
369 4022 473 4092 viram,
488 4020 588 4097 utique
602 4040 638 4080 ex
658 4022 720 4107 Dei
729 4020 849 4088 flaur,'’⁶

117 4200 156 4258 (1)
174 4195 246 4245 Sum.
257 4197 280 4244 l.
290 4209 317 4259 p.
326 4210 367 4258 qa.
379 4197 401 4243 n
412 4201 454 4243 art
466 4193 511 4242 111.
528 4193 573 4243 Ad
579 4193 732 4255 amodum·

116 4284 155 4342 (2)
172 4279 303 4340 Poricluon,
314 4279 428 4330 Examen
439 4279 482 4328 das
492 4279 620 4344 questions
634 4279 813 4345 Scieatitiques,
827 4284 847 4328 l.
859 4297 901 4344 qu.
913 4285 962 4340 §rr

116 4367 155 4427 (³)
173 4365 237 4416 Gan.
247 4365 273 4416 ii.
285 4369 309 4416 7.

115 4453 155 4513 (4)
174 4449 252 4503 (lonc.
262 4451 343 4503 Tolat
357 4453 381 4504 1.
390 4465 443 4503 can
454 4451 481 4502 ii.
491 4465 593 4501 onorem
605 4452 675 4507 illum
685 4453 838 4503 anathemate
849 4452 977 4522 percussit.

117 4539 156 4599 (d)
173 4535 276 4589 Tountt
287 4537 317 4588 d·
328 4537 411 4590 anima
421 4552 442 4590 c·
450 4537 485 4591 itt
