2730 5018
117 261 177 324 ooo
322 250 398 335 'ne
420 276 724 340 nnnnueaorus
744 260 1088 346 ιιιιοιιιιοιιιι.
1114 310 1119 314 -
1145 275 1148 279 ’

220 685 361 748 CAPUT
381 690 406 749 l.
448 691 504 751 DE
527 691 832 753 REDEMPTORIS
851 643 1202 756 EXPEC'delONE·

618 902 803 944 norontem.

153 1031 330 1113 Redemptor
343 1035 459 1096 bomini
472 1037 555 1118 lapan
569 1040 740 1118 promissus
756 1047 809 1110 eat,
825 1048 852 1101 et
873 1039 1021 1101 cultorum
1041 1039 1101 1100 Dei
1114 1041 1309 1120 expectatione

104 1135 248 1205 perpetuo
263 1129 432 1191 celebratas.

151 1229 181 1280 2.
203 1224 356 1284 Probatur
370 1245 406 1286 ea·
430 1227 603 1307 Scripturio.
646 1219 798 1293 Geneseos
823 1233 906 1291 tertio
926 1233 1020 1310 capite
1041 1226 1127 1291 ⁴Deus
1150 1241 1309 1308 serpentem

111 1317 212 1377 dicitur
226 1320 383 1382 allocutuse
407 1334 427 1361 “
436 1324 605 1385 Inimicitias
620 1347 725 1405 ponam
740 1330 814 1386 inter
827 1339 853 1386 te
865 1339 894 1387 et
905 1329 1064 1396 mulierem,
1080 1337 1111 1386 et
1122 1347 1224 1387 semen
1234 1339 1312 1387 tuum

110 1425 139 1473 et
161 1434 260 1475 semen
283 1419 375 1477 illius:
406 1422 470 1497 ipsa
494 1434 622 1482 conteret
642 1435 728 1500 caput
752 1434 844 1493 tunm,
861 1435 891 1482 et
916 1435 945 1482 tu
970 1423 1151 1484 insidiaberis
1177 1425 1312 1483 calcaneo

111 1511 184 1588 ejus.
188 1511 222 1547 ”²
263 1515 411 1591 Serpentis
426 1536 496 1575 voce
511 1518 653 1595 designari
669 1539 727 1579 non
739 1521 843 1578 animal
856 1521 1063 1588 tantummodo,
1084 1519 1135 1578 sed
1150 1519 1313 1578 daemonem

108 1607 216 1684 potius,
232 1610 281 1681 qui
296 1611 358 1686 ejus
374 1630 461 1686 opera
475 1630 544 1670 usus
560 1624 613 1682 est,
625 1615 768 1692 colligitur
778 1616 886 1692 exipsa
902 1616 1065 1673 tentationis
1077 1616 1318 1687 narrationeqna,

104 1703 261 1763 exhibetur
284 1707 416 1779 loquens,
435 1709 616 1782 suadensque
641 1712 712 1768 Evoe
738 1721 769 1769 ut
792 1712 923 1770 divinum
945 1711 1111 1770 mandatum
1129 1711 1236 1768 violet.
1259 1726 1315 1778 pec

108 1800 185 1858 eninr
201 1802 304 1859 animal
319 1803 348 1860 id
362 1805 487 1862 suasisse
502 1806 726 1864 existimandum
739 1818 793 1865 est.
828 1807 1022 1882 Apoealypsis
1037 1806 1147 1864 nullum
1161 1803 1314 1862 dubitandi

110 1894 208 1954 locum
223 1898 373 1970 relinquit:
397 1886 571 1976 “projectus
586 1911 630 1959 est
643 1901 727 1959 draco
741 1902 788 1959 ille
809 1920 941 1978 magnus,
955 1920 1073 1978 serpens
1096 1902 1243 1974 antiquus,
1261 1899 1313 1972 qui

112 2003 229 2050 uocatur
240 1993 368 2052 diabolus
383 2008 412 2053 et
426 1996 592 2056 Satanas.”¹
620 1998 743 2056 Diabolo
754 1998 887 2056 adscribit
898 1996 1056 2075 Sapientia
1071 2007 1170 2055 auctor
1184 1995 1315 2055 hominis

50 2137 55 2146 .
112 2087 314 2146 interitum:‘
318 2090 444 2148 ‘invidia
465 2104 557 2150 autem
573 2092 688 2150 Diaboli
710 2112 786 2151 mors
801 2094 926 2151 introivit
947 2093 976 2149 ιιι
1000 2093 1099 2150 orbem
1120 2101 1272 2150 terrarum.
1276 2089 1310 2128 ”⁸
1339 2127 1357 2145 -r

111 2183 247 2242 Christus
276 2185 384 2242 idcirco
412 2207 476 2246 cunr
505 2188 678 2248 homicidam
709 2190 744 2246 ab
774 2190 855 2247 initio
882 2189 1037 2266 designat.⁴
1076 2188 1163 2265 Apud
1192 2187 1312 2246 tndaeos

106 2267 269 2370 'imp-U
292 2264 406 2370 llll'llss
428 2304 546 2362 serpens
559 2293 653 2354 actua,
669 2285 781 2344 daemon
803 2287 952 2344 consuevit
966 2287 1084 2344 vocari.l
1122 2266 1208 2362 Ergo
1229 2282 1313 2343 tradi·

107 2380 158 2449 tio,
174 2392 233 2439 tum
250 2384 375 2459 judaica,
391 2395 449 2440 turn
465 2382 627 2449 christiana,
642 2381 802 2439 daemorrem
824 2381 986 2440 tentationis
1008 2393 1152 2439 auctorem
1168 2380 1310 2458 agnoscit,

107 2489 137 2536 et
149 2498 265 2556 poenam
278 2481 397 2558 proinde
411 2481 439 2538 in
455 2499 521 2537 eum
535 2479 630 2537 latam.

148 2580 177 2634 ιι.
199 2577 234 2634 In
248 2588 408 2654 serpentem
425 2575 658 2652 quidem,utpote
672 2575 810 2632 daemonis
825 2575 1054 2642 instrumentum,
1070 2572 1309 2632 sententiaetianr
1328 2558 1331 2565 ¹
1356 2630 1357 2634 ,

108 2670 164 2730 lata
178 2685 231 2740 est,
246 2685 274 2730 et
289 2685 319 2730 ut
332 2683 454 2750 reptaret
468 2674 497 2730 in
512 2683 584 2729 terra
600 2673 730 2748 jussum3
753 2671 803 2728 sed
818 2689 855 2728 ex
869 2672 1020 2729 occasione
1034 2689 1155 2728 summa
1169 2671 1248 2728 illius
1263 2668 1311 2727 de·

109 2771 267 2828 testationis
282 2790 338 2843 qua
352 2770 484 2828 homines
505 2781 651 2845 serpentes
673 2779 846 2836 aversantur,
869 2779 897 2825 et
918 2768 1084 2825 insidiarum
1107 2785 1178 2840 quas
1199 2767 1229 2824 hi
1252 2766 1311 2823 illis

110 2875 232 2934 struunt,
249 2866 379 2942 praedixit
403 2866 483 2922 Deus
509 2866 581 2923 inter
605 2864 764 2922 damonem
789 2875 817 2920 et
839 2865 997 2930 mulierem,
1016 2873 1046 2919 et
1070 2864 1143 2920 iuter
1168 2861 1311 2921 daemonis

111 2979 222 3028 semen,
238 2962 342 3037 impios
357 2962 464 3018 scilicet
479 2962 621 3028 homines,
637 2961 686 3033 qui
700 2963 788 3017 instar
808 2958 926 3017 seminis
941 2959 1103 3026 ιιιιιιιιιιιιι,ΙΙ
1117 2971 1145 3017 et
1159 2961 1233 3017 inter
1248 2978 1310 3017 mu·

106 3054 186 3112 lieris
210 3074 320 3122 semen,
344 3057 508 3113 inimicitias
529 3066 690 3131 perpetuas,
712 3065 740 3111 et
762 3055 944 3112 mulierissde
966 3066 1097 3131 serpente
1118 3055 1312 3132 triumphumt

111 3149 180 3227 Ipsa
204 3154 402 3210 conculcatum
425 3162 484 3209 erat
508 3152 647 3227 serpentis
672 3163 765 3225 caput,
791 3153 900 3209 semine
925 3153 988 3228 ejus
1013 3153 1123 3228 peccati
1149 3153 1311 3226 mortisque

110 3245 205 3304 futuro
219 3249 336 3305 victore.
379 3248 522 3305 Calcaneo
536 3247 665 3321 seminis,
679 3247 810 3304 humanae
825 3256 930 3304 naturae
946 3267 962 3304 a
976 3247 1072 3306 Verbo
1085 3257 1251 3325 assumptae,
1268 3249 1312 3306 in·

114 3342 201 3401 sidias
217 3354 394 3414 mortemque
409 3343 558 3399 moliturus
572 3353 630 3398 erat
644 3340 776 3409 daemon;
799 3344 848 3399 sed
865 3342 893 3399 id
915 3343 944 3399 in
960 3343 1078 3419 gloriam
1094 3342 1233 3419 triumphi
1248 3362 1313 3402 ces·

107 3460 205 3499 surum
221 3452 289 3498 erat.
331 3440 404 3498 llata
420 3450 464 3497 est
485 3440 569 3516 igitur
589 3440 741 3516 promissio
765 3438 962 3514 redemptoris,
981 3441 1031 3512 qui
1045 3442 1176 3498 sauciatae
1198 3452 1310 3501 naturae

108 3537 278 3611 mederetur,
294 3547 401 3596 etcum
417 3537 523 3612 ingenti
539 3534 677 3593 tlaemnnls
699 3535 864 3612 ignominia,
880 3536 942 3611 ejus
963 3535 1164 3612 comprimeret
1185 3545 1312 3612 potesta·

108 3637 192 3694 tem.⁷
279 3697 282 3703 ,

110 3725 112 3730 ’
150 3736 179 3788 4.
202 3732 323 3789 Abrahae
351 3729 505 3808 promissio
519 3728 688 3804 explicatius
705 3728 782 3803 ⁴sacta
803 3738 864 3796 est3
887 3734 907 3764 “
919 3725 1132 3785 Benedicentur
1144 3727 1176 3785 in
1196 3728 1312 3786 semine

111 3907 114 3915 '
142 3910 180 3970 (1)
198 3906 268 3957 Vara.
281 3909 319 3957 15.

144 3997 182 4054 (2)
202 3994 278 4056 Apoc.
290 3993 332 4041 xii.
346 3995 385 4041 19.

145 4083 187 4146 (3)
207 4080 265 4143 Sap.
275 4095 296 4128 o.
308 4078 333 4126 ii.
344 4077 385 4124 24.

147 4172 185 4229 (4)
202 4163 331 4217 ιοιιι.ιιιι.
342 4164 383 4210 44.

148 4260 185 4319 (5)
203 4252 279 4301 “Das
298 4245 427 4297 ontdoclsta
438 4244 615 4307 Judenthum,”
633 4247 680 4296 vol.
700 4243 717 4296 ι.
728 4261 752 4311 p.
771 4246 827 4306 822,
843 4246 1022 4310 Eisenmenger
1040 4253 1144 4308 auctore,
1161 4263 1235 4311 quern
1252 4247 1313 4298 citat

112 4337 307 4401 Hengatanborg.

149 4429 186 4488 (6)
204 4424 276 4473 Mart.
287 4418 355 4470 xxiii.
368 4420 408 4466 33.
424 4417 495 4466 Joon.
506 4416 556 4473 viii,
567 4417 608 4464 44.
625 4417 772 4469 rtornrn.

149 4515 187 4571 (7)
205 4509 281 4558 Plura
292 4506 404 4571 preclara
415 4502 502 4551 dehoc
513 4501 629 4552 vadoinio
644 4504 710 4569 apud
727 4504 915 4568 Hengstonberg
924 4502 1005 4554 vidoro
1014 4509 1059 4553 ost.
1093 4497 1255 4569 Chn’aiology
1265 4499 1312 4552 nol.

113 4592 202 4649 imola
192 4592 256 4658 timp
250 4593 309 4640 ..25
338 4587 459 4641 Vemania
470 4585 590 4656 Angliore.
