2744 5024
331 102 388 171 mr
409 104 513 201 rnsu
534 84 708 172 onorem
728 104 988 177 mnnrrma.
1203 117 1277 180 ror.

98 282 159 329 sune
167 267 248 347 palam
260 246 396 343 loqueris,
410 278 440 327 et
452 269 632 346 proverbium
647 269 758 329 nullum
771 268 855 328 dicis.
896 273 983 333 Nunc
997 273 1106 333 scimus
1119 275 1187 348 qnia
1200 274 1259 335 scis

97 368 178 436 onnia
195 378 222 426 et
233 386 291 427 non
303 386 377 445 opus
391 377 436 425 est
449 367 499 426 tibi
519 377 551 425 ut
565 368 630 440 quis
644 377 672 425 te
693 368 864 445 interroget:
885 370 917 429 in
929 368 992 430 dioc
1005 371 1147 430 credimus
1161 374 1260 445 quiaa

96 461 273 522 Deoexisti.”²
313 463 446 522 Thomas
458 481 525 521 eum
539 463 696 521 Dominum
718 482 750 521 ac
764 463 859 522 Deum
875 482 959 525 suum
973 467 1026 525 alte
1044 468 1189 544 professus
1203 477 1249 526 est

95 556 180 625 Gerus,
202 558 297 616 statim
312 577 345 616 ac
366 576 398 615 se
418 557 525 617 Filium
547 558 604 615 Dei
624 558 785 626 declaravit,
812 560 994 636 “procidens
1009 561 1133 621 adoravit
1146 563 1261 624 eum.”⁸

92 651 144 713 llee
154 663 223 712 cene
245 663 315 712 sunt
326 653 395 712 fidei
416 652 452 711 de
465 652 562 711 divina
576 655 639 730 ejus
653 663 761 722 natura,
784 662 813 712 et
826 655 918 714 cultus
937 657 1014 716 haud
1026 659 1146 718 obscura
1166 661 1260 736 speci·

90 749 154 808 uua.
179 800 182 804 .

114 847 152 903 ts.
172 844 297 904 Temere
317 844 444 918 quidem,
466 855 496 903 et
515 856 613 904 eontra
633 847 761 906 omnium
782 846 951 923 scriptorum
972 848 1069 918 tidem,
1093 846 1259 910 Priestleius

86 939 297 1019 dicitllpostolos
312 961 424 1001 merum
442 942 590 1001 hominem
605 943 763 1001 aestimasse
777 941 889 1001 Jesum.
931 944 1071 1003 Audiatur
1084 946 1259 1023 chrysosto-

84 1054 138 1105 nus,
152 1046 252 1110 quarto
265 1038 383 1123 saeculo,
397 1038 518 1112 loquens
531 1057 547 1094 a
562 1037 660 1094 “Nisi
674 1039 789 1115 proprie
800 1039 843 1096 sio
856 1040 957 1097 Petrus
971 1040 1169 1110 intellexisset,
1183 1051 1212 1100 et
1225 1045 1260 1102 ab

82 1131 128 1209 ipo
146 1133 229 1192 Patre
250 1142 349 1192 natum
372 1133 507 1201 crederet,
530 1152 589 1191 non
613 1133 715 1191 fuisset
734 1134 914 1194 revelationis
935 1154 1009 1214 opus
1032 1136 1081 1194 illa
1104 1137 1258 1207 confessio,

82 1229 221 1303 nealiqua
240 1230 449 1289 beatificatione
470 1231 565 1306 digna,
581 1230 607 1286 si
619 1248 709 1287 unum
723 1249 761 1288 ex
786 1232 882 1290 multis
904 1232 961 1291 Dei
982 1232 1049 1291 filiis
1068 1233 1150 1293 illum
1165 1245 1258 1311 putas·

82 1324 136 1397 su’
157 1307 292 1405 Christus
303 1325 554 1403 pollicitationibus
564 1325 724 1402 magnificis
739 1327 817 1385 Petri
831 1327 918 1387 fidem
932 1330 1125 1387 confirmavit:
1150 1338 1170 1366 “
1180 1331 1210 1388 N
1212 1349 1258 1389 am

83 1435 127 1493 que
138 1417 217 1480 Deus
233 1421 391 1481 concedere
412 1422 491 1481 solus
512 1431 616 1497 potest,
638 1432 817 1498 peccatorum
833 1424 943 1481 scilicet
956 1425 1165 1494 remissionem,
1186 1435 1215 1484 et
1228 1436 1260 1484 ut

46 1510 60 1585 J
83 1515 202 1587 Ecclesia,
223 1527 266 1576 tot
285 1519 427 1591 tantisque
442 1517 575 1576 fluetibus
590 1518 697 1594 impetu
712 1519 943 1595 irrumpentibus,
965 1519 1120 1579 immobilis
1135 1533 1258 1598 maneat,

82 1613 144 1690 eujus
156 1622 252 1692 pastor
267 1623 297 1673 et
309 1614 401 1691 caput'
415 1614 539 1690 piscator
559 1613 647 1671 horno
661 1623 745 1684 atque
761 1614 907 1688 ignobilis,
930 1624 1066 1672 terrarum
1087 1616 1155 1673 orbe
1168 1615 1259 1674 relue·
1319 1650 1328 1671 .

84 1711 146 1777 uste,
159 1709 316 1768 adamantis
330 1719 459 1767 naturam
473 1708 605 1766 firmitate
620 1715 745 1782 superet,
757 1705 829 1774 haec,
842 1708 969 1779 inquam,
981 1709 1078 1766 omnis
1091 1727 1155 1781 quae
1169 1708 1258 1766 solius

50 1801 122 1871 'un
133 1817 205 1874 sunt,
218 1824 252 1863 se
267 1804 419 1882 pollicetur
431 1803 608 1863 daturum.’'³
687 1843 691 1850 -

109 1905 149 1961 95.
171 1901 239 1982 Obj.
255 1908 285 1961 (t.
307 1903 378 1969 Quae
393 1901 428 1960 de
447 1901 570 1961 'Christo
585 1920 601 1958 e
615 1900 689 1959 coelo
709 1899 900 1959 descendente
915 1900 1099 1971 affirmantur,
1122 1902 1258 1961 translato

85 2015 148 2059 sensu
159 2011 225 2060 sunt
239 1999 431 2078 intelligenda,
452 1984 519 2057 nam
533 1998 624 2066 Deus,
646 1999 696 2071 qui
718 1999 824 2071 ubique
838 2009 892 2068 est,
918 1999 994 2058 hand
1009 1999 1166 2069 descendit,
1189 2019 1259 2079 ergo

85 2093 192 2157 cbristus
206 2117 265 2157 non
279 2097 345 2156 ideo
356 2097 448 2155 dictus
463 2106 507 2154 est
522 2114 539 2154 e
553 2095 626 2153 coelo
640 2094 823 2164 descendere,
834 2094 911 2170 quod
924 2096 1003 2156 Deus
1017 2098 1100 2166 foret,
1114 2099 1166 2157 sed
1180 2099 1257 2173 quod

85 2190 193 2256 divinitus
207 2196 292 2254 luerit
305 2195 423 2265 missus,
437 2193 536 2251 divino
551 2192 698 2250 functurus
713 2211 840 2252 munere.

109 2293 148 2349 lb.
166 2290 256 2369 Reap.
278 2291 360 2348 Deus
374 2288 491 2363 quidem
505 2288 638 2347 strictiori
652 2307 739 2346 sensu
754 2287 926 2350 descendere
938 2291 994 2350 diei
1008 2293 1118 2365 nequit,
1133 2302 1257 2354 attamen

86 2384 241 2448 descendisse
256 2388 370 2456 dieitur,
385 2386 499 2460 quando
521 2404 572 2462 per
586 2387 701 2463 angelos
716 2405 747 2443 sc
769 2386 799 2444 in
814 2389 894 2445 terris
908 2389 1108 2457 manifestavit,
1129 2401 1161 2447 ut
1173 2393 1257 2450 turris

86 2481 241 2546 edificatores
257 2484 453 2553 confunderet,
475 2484 520 2542 rel
537 2483 750 2542 Sodomitarum
770 2483 878 2541 scelera
897 2487 1020 2560 puniret.
1062 2486 1170 2545 Potiori
1191 2489 1256 2563 jure

85 2595 162 2642 error
176 2584 307 2662 usurpari
320 2592 415 2661 potest
427 2582 462 2640 de
477 2581 575 2639 divino
588 2582 684 2638 Verbo
697 2579 851 2637 humanam
866 2582 922 2638 sibi
933 2594 1095 2639 assumente
1117 2591 1258 2658 naturam,

86 2679 173 2739 etinter
185 2681 319 2739 homines
341 2680 379 2737 ita
393 2689 534 2737 versante.
577 2677 722 2733 Caeterum
743 2675 773 2732 in
788 2676 867 2733 coelis
883 2695 997 2752 semper
1010 2676 1115 2742 aderat,
1138 2676 1215 2748 quod
1229 2687 1258 2736 et

31 2760 34 2849 ξ
85 2772 127 2849 ipse
138 2778 316 2855 significarit,
338 2774 478 2835 dicendo:
501 2774 630 2831 “Nemo
644 2770 773 2829 aseendit
792 2773 822 2835 in
836 2772 950 2839 coelum,
969 2772 1026 2830 nisi
1038 2773 1095 2845 qui
1109 2772 1258 2832 descendit

84 2867 190 2944 decelo,
204 2872 297 2935 Filios
312 2872 449 2940 hominis,
466 2856 516 2945 dui
531 2871 617 2928 estin
632 2867 752 2928 coelo.”⁴

109 2971 146 3029 tt.
171 2968 239 3050 obj.
253 2976 283 3030 t.
306 2969 413 3034 “Esse
427 2968 456 3026 in
470 2966 544 3027 ctelo
558 2975 603 3023 est
615 2983 661 3022 res
675 2966 806 3024 coelestes
820 2966 908 3043 probe
923 2974 1029 3034 tenere,
1044 2965 1106 3026 sive
1122 2985 1171 3024 ees
1186 2976 1255 3032 tam·

83 3080 143 3136 quum
157 3076 313 3146 presentes
327 3066 447 3125 intueri:
470 3063 645 3138 quaomnia
664 3064 739 3121 Filio
753 3064 878 3123 hominis
901 3105 908 3123 .
924 3073 939 3122 '.
963 3106 971 3123 .
995 3107 1002 3123 .
1024 3065 1093 3123 eitra
1106 3065 1192 3123 ullam
1207 3085 1255 3124 na·

81 3166 147 3224 bun
160 3183 212 3223 seu
225 3163 379 3232 essentiam
394 3160 519 3219 divinam
533 3159 641 3236 optime
657 3161 809 3217 convenire
823 3171 954 3237 possunt,
980 3171 1011 3218 ut
1031 3169 1106 3219 certe
1121 3161 1254 3220 conveni·

80 3257 141 3315 tut”
181 3259 225 3318 Ita
238 3259 387 3318 Βοοίιιιιε.5

41 3334 45 3339 1
107 3355 146 3412 98.
165 3355 256 3433 Resp.
278 3354 343 3412 Alia
352 3370 469 3430 prorsus
480 3352 589 3410 ratione
599 3351 741 3428 significat
751 3369 783 3408 se
796 3350 929 3408 Christus
942 3352 971 3409 in
983 3351 1056 3409 coelo
1068 3353 1144 3419 esse,¹
1154 3353 1254 3410 intima

79 3450 166 3512 scilicet
178 3472 245 3512 eum
261 3452 344 3510 Patre
358 3460 464 3523 naturae
479 3449 690 3525 conjunctione,
705 3458 751 3506 est
762 3448 860 3506 enim:
884 3457 903 3484 ‘⁴
915 3448 1088 3524 Unigenitus
1102 3449 1152 3521 qui
1166 3449 1254 3506 estin

79 3543 127 3605 sinu
138 3549 264 3608 Patris.”
306 3547 352 3606 Ad
366 3546 634 3624 contemplationem
650 3562 742 3603 rerum
757 3544 927 3613 coelestium,
941 3544 1043 3602 mentis
1057 3544 1088 3602 in
1101 3544 1197 3601 Deum
1211 3561 1254 3600 as-

79 3658 156 3715 censu,
171 3648 273 3706 frustra
285 3645 453 3712 referuntur,
468 3663 531 3717 quae
546 3643 582 3702 de
596 3651 695 3700 natura
709 3641 806 3699 divina
820 3643 898 3701 Patri
912 3642 1043 3716 Filioque
1055 3642 1211 3712 communi,
1226 3652 1255 3701 et

79 3735 104 3795 de
114 3744 169 3820 ejus
184 3745 338 3822 praesentia
350 3744 380 3802 in
391 3743 471 3802 eoelis
485 3745 556 3799 adeo
572 3739 720 3798 manifeste
735 3736 875 3795 dicuntur.
945 3820 948 3825 Ι
1098 3746 1100 3751 ·

107 3839 147 3900 99.
170 3840 237 3919 obj.
254 3846 283 3900 8.
306 3849 326 3878 “
336 3841 370 3898 Si
383 3827 539 3916 diliperetis
554 3855 611 3904 me,
623 3833 782 3913 gauderetis
793 3833 901 3909 utique,
913 3834 980 3908 qnia
991 3833 1063 3893 vado
1074 3833 1109 3894 sd
1120 3835 1252 3894 Patrem:

430 4035 468 4093 (l)
486 4031 558 4080 Joan.
569 4029 619 4079 xvi.
631 4032 672 4078 28.

428 4120 471 4183 (c)
489 4115 660 4168 sommas.
767 4112 769 4117 ’

423 4205 460 4266 (3)
478 4201 554 4251 Hom.
565 4201 597 4249 lv.
608 4201 636 4250 in
646 4217 668 4251 c.
679 4201 729 4252 xvi.
745 4199 863 4253 Moschoi.

425 4289 467 4354 (4)
486 4287 558 4336 Josn.
570 4285 604 4336 iii.
617 4288 657 4336 1³.

427 4374 469 4439 (5)
488 4371 537 4421 Ad.
547 4386 598 4436 esp.
612 4373 635 4422 6.
652 4371 762 4421 loannis.
