2744 5024
143 286 178 343 u
385 242 972 337 ⁴·mmmwm.

140 434 349 518 Hieronymus,
375 440 434 496 “in
457 455 542 509 quem
566 444 714 513 peccatum
736 453 794 493 uon
810 434 895 501 cadit,
912 453 963 492 uec
983 433 1083 493 cadere
1102 441 1213 510 poteott
1235 439 1335 491 caetera

139 556 205 596 cum
219 539 277 595 siut
290 536 369 594 liberi
385 535 501 602 arbitrii,
518 534 547 592 in
562 544 712 606 utrumqne
727 525 835 609 partem
850 532 926 591 flecti
942 537 1086 608 possunt.¹

179 639 229 707 24.
251 631 410 692 Mutabilia
422 640 521 690 tumen
534 629 618 689 Deus
628 647 689 688 non
702 637 755 697 rat,
769 631 886 688 mutatio
898 632 974 688 enim
985 628 1204 688 inconstantiam
1216 640 1245 686 et
1259 628 1334 704 igno·

138 733 257 791 rentiam
272 730 406 787 exhibet:
424 737 443 764 “
454 727 524 785 Nou
537 728 615 784 enim
629 736 675 784 est
688 725 802 791 Deua‚”
815 728 908 799 inquit
922 727 1049 794 Balaam,
1061 726 1197 783 divinitus
1212 722 1332 789 afflatus,

139 830 251 902 “quasi
272 828 361 885 horno
381 837 413 884 ut
435 826 595 892 mentiatur,
611 844 663 883 nec
687 834 718 882 ut
731 825 807 882 filius
829 825 954 885 bominis
976 835 1007 882 ut
1025 822 1198 881 mutetur.’'⁹
1238 822 1333 898 “Ego

136 926 215 985 enlm
230 924 384 992 Dominus,
396 923 466 981 dicit
479 923 541 1000 ipse
556 941 608 998 per
621 922 805 988 Malachiam,
818 931 848 978 et
862 940 919 978 non
930 921 1074 1004 'mutuo’'⁸
1113 919 1273 996 Apostolus
1287 918 1334 977 Ja-

136 1004 225 1082 cobus
249 1025 333 1080 etiam
359 1039 475 1079 omnem
499 1019 664 1077 mutationis
690 1019 817 1076 umbram
841 1017 938 1094 procul
960 1019 1060 1074 abesse
1083 1017 1183 1094 jubet:
1214 1024 1332 1074 “omna

136 1119 244 1178 donum
258 1118 413 1195 perlectum
428 1117 578 1174 desursum
592 1126 646 1181 est,
661 1113 838 1172 descendens
853 1134 869 1170 a
885 1113 967 1171 Patre
982 1113 1133 1178 luminum,
1149 1109 1225 1189 apud
1247 1130 1332 1184 quem

126 1237 193 1277 ·non
203 1231 247 1276 est
256 1216 461 1282 transmutatio,
471 1233 524 1272 nec
534 1212 739 1271 vicissitudinis
749 1211 970 1269 obumbratio.”⁴
997 1211 1165 1268 Paenitentia
1174 1209 1271 1284 igitur,
1282 1210 1331 1277 ira,

135 1314 256 1385 aliaeque
270 1312 358 1369 animi
373 1311 542 1368 mutationes
561 1309 625 1367 Deo
640 1309 751 1366 tribulae
767 1328 783 1364 a
803 1307 891 1364 sacris
906 1307 1104 1383 scriptoribus,
1120 1317 1205 1381 prout
1218 1317 1331 1372 sonant,

135 1407 310 1484 accipiendae
337 1425 396 1464 nou
416 1417 492 1471 aunt,
506 1405 557 1463 sed
578 1404 681 1462 modus
703 1403 838 1476 loquendi
853 1389 1044 1479 tamitana->023
1057 1401 1256 1479 agnoscendus
1277 1412 1331 1469 est,

135 1507 240 1561 nostris
262 1503 447 1579 conceptibus
469 1501 710 1560 accommodatus.
753 1501 802 1558 Sic
823 1499 909 1557 illud:
934 1507 1089 1596 239an
1105 1502 1194 1606 mppr
1213 1507 1333 1604 nmo]

114 1604 283 1727 'tjlp'l73
327 1620 394 1677 “Et
418 1620 625 1695 paenituiteum
647 1617 723 1690 quod
746 1617 892 1675 hominem
917 1593 1081 1676 lecissetin
1097 1632 1178 1677 terra.
1221 1619 1263 1676 Et
1277 1632 1332 1674 tac-

58 1732 68 1753 '
136 1753 180 1798 tus
201 1740 299 1798 dolore
319 1736 414 1794 cordis
436 1738 604 1795 intrinsecus
616 1741 638 1802 ;⁵
658 1756 693 1795 eo
714 1747 822 1794 tautum
843 1736 981 1813 dirigitur,
997 1746 1029 1794 ut
1047 1734 1219 1812 intelligatur
1239 1734 1332 1792 homi·

134 1856 203 1895 num
216 1838 283 1895 vitia
294 1853 359 1894 vere
372 1826 436 1892 Deo
447 1835 639 1912 displicuisse,
650 1844 678 1890 et
689 1853 784 1910 paenas
797 1852 968 1910 provocasse
977 1834 1170 1910 gravissimas.
1194 1841 1213 1867 ‘⁴
1225 1831 1331 1903 Neque

132 1937 210 1992 enim
225 1936 311 1993 borno
325 1947 370 1992 est
382 1944 487 2010 utagat
501 1932 747 2008 paerritentiam.’'⁶·
780 1932 822 1989 lta
835 1932 920 1988 etiam
935 1950 952 1987 a
974 1929 1190 1988 llosenmucllar
1202 1927 1330 2004 explica·

134 2040 197 2086 tur:
221 2040 240 2064 ‘⁸
253 2030 320 2101 quia
334 2028 412 2100 quod
427 2029 558 2085 homines
573 2020 665 2084 iacere
680 2027 783 2094 solent,
798 2027 824 2084 si
839 2045 889 2083 eos
912 2027 1007 2103 operis
1023 2025 1087 2082 lacti
1109 2025 1284 2100 paenituerit,
1302 2035 1332 2082 ut

133 2122 201 2183 illud
217 2125 376 2199 improbent
387 2135 416 2179 et
428 2105 550 2187 deleant,
561 2121 589 2194 id
604 2123 683 2179 Deus
700 2120 812 2179 iecit.'’⁷
842 2121 965 2179 Pulchre
979 2122 1170 2192 Augustinus:
1195 2131 1215 2157 ⁸⁶
1229 2122 1330 2187 Amas,

75 2234 78 2239 ·
132 2237 186 2276 nac
206 2229 327 2284 aestuas3
351 2215 438 2284 zelas,
453 2228 482 2273 et
502 2236 619 2275 securus
641 2236 688 2284 es;
705 2217 822 2292 paeuitet
842 2229 879 2280 te.
897 2228 926 2275 et
947 2237 1004 2275 non
1019 2218 1117 2274 doles:
1140 2218 1285 2285 irasceris,
1301 2227 1350 2274 eta

135 2314 304 2386 tranquillus
316 2331 347 2369 es
358 2333 365 2380 ;
378 2332 481 2388 operas
494 2325 597 2380 mutas,
612 2332 666 2370 nec
680 2325 773 2370 mutas
785 2314 962 2371 consitione
1002 2313 1072 2371 Non
1084 2314 1166 2371 facile
1177 2313 1330 2371 conciliare

132 2409 260 2466 valemus
274 2409 429 2466 libertatem
443 2409 498 2466 Dei
513 2427 578 2475 curn
594 2409 830 2476 immutabilitate,
844 2428 932 2481 quum
948 2409 1150 2485 perfectissimi
1163 2408 1248 2467 Eutis
1263 2427 1330 2466 con·

131 2505 196 2562 silia
209 2505 393 2580 cogitationes
407 2505 492 2580 longe
503 2513 639 2583 superent
652 2505 802 2561 humanas.
845 2503 989 2561 (laterum
1003 2506 1118 2562 adorare
1134 2513 1248 2580 oportet
1262 2521 1326 2575 qute

71 2623 73 2627 ’
131 2601 166 2658 de
181 2601 217 2657 iis
232 2603 293 2677 ipse
315 2601 457 2668 revelavit,
474 2619 594 2674 quaeque
616 2601 686 2658 ratio
708 2602 771 2676 ipsa
784 2619 939 2677 agnoscere
954 2602 1074 2677 cogitur,
1093 2613 1190 2676 utpote
1212 2618 1328 2658 summo

131 2697 207 2754 Ente
234 2699 337 2774 iligna:
362 2707 381 2733 ‘⁶
394 2697 462 2754 Nou
483 2697 560 2754 enirn
581 2697 766 2773 cogitationes
789 2716 870 2764 nieae,
885 2697 1070 2773 cogitationes
1088 2709 1205 2764 vestrae;
1229 2715 1323 2770 neque

111 2796 182 2852 ,vjae
198 2808 307 2862 vestrae,
323 2796 375 2852 viae
392 2814 471 2860 meae,
487 2795 555 2852 dicit
570 2794 723 2852 Dominus.
766 2795 841 2861 Quia
861 2796 937 2868 sicut
956 2795 1117 2852 exaltantui
1129 2793 1189 2852 caeli
1205 2813 1222 2850 a
1242 2803 1326 2860 terra,

128 2894 171 2950 sic
184 2893 312 2950 exaltatae
327 2904 394 2949 sunt
409 2893 459 2949 viae
475 2910 546 2948 meae
561 2909 578 2946 a
592 2892 645 2948 viis
660 2893 771 2958 vestris,
788 2904 816 2947 et
830 2892 1015 2967 cogitationes
1031 2910 1101 2948 meae
1116 2911 1132 2947 a
1146 2891 1326 2967 cogitationi·

129 2989 182 3045 bus
199 2987 348 3045 vestiisse
1163 3063 1166 3069 Α

168 3089 218 3140 25.
246 3083 481 3160 omnipotentem
492 3099 552 3140 esse
560 3079 619 3140 Dei
627 3081 806 3141 volunlatem
817 3092 932 3141 testatur
941 3084 1095 3160 Scriptura,
1104 3084 1276 3162 suffragante
1285 3105 1328 3143 ra·

129 3179 215 3236 tione:
233 3189 252 3214 ‘·
263 3179 387 3235 Domina
403 3179 483 3235 Deus
498 3197 548 3236 rex
563 3179 882 3254 omnipotens—non
898 3181 1005 3253 estqui
1020 3181 1111 3256 possit
1121 3191 1178 3238 tuoe
1194 3182 1326 3240 resistere

128 3275 281 3358 voluntati,
291 3277 315 3331 si
331 3270 489 3331 decreveris
505 3275 613 3332 salvare
628 3275 776 3333 lsrael.'’¹⁰
803 3276 845 3332 lta
861 3279 1025 3351 precabatur
1040 3276 1155 3334 Esther.
1190 3289 1209 3315 ‘⁶
1221 3278 1326 3337 Consi·

127 3372 198 3430 lium
208 3391 302 3429 meum
315 3372 407 3438 stabit,
419 3381 447 3428 et
458 3371 551 3429 omnis
566 3372 693 3428 voluntas
704 3391 766 3428 mea
777 3372 984 3444 fiet‚”1¹inquit
996 3361 1138 3431 Dominus
1148 3394 1198 3450 per
1207 3375 1324 3432 isaiam.

128 3467 307 3525 “Voluntati
329 3467 391 3543 ejus
405 3467 471 3540 quis
492 3469 599 3526 resistit
608 3468 663 3525 ³³·ss
704 3471 836 3526 Attamen
851 3468 931 3526 Deus
946 3469 1005 3526 vult
1019 3488 1120 3526 omnes
1134 3483 1262 3530 sanctam
1278 3472 1327 3546 de-¹

126 3582 192 3640 gere
207 3563 303 3630 vitain,
319 3563 384 3621 ideo
406 3565 483 3622 enim
505 3566 633 3642 praecipit
647 3567 781 3623 virtutum
796 3567 974 3633 exercitium,
991 3566 1123 3640 prohibet
1137 3566 1235 3625 vitium
1247 3588 1254 3635 ;
1264 3588 1326 3626 ·neo

127 3677 220 3719 tamen
235 3665 266 3718 in
280 3661 412 3718 omnibus
427 3663 490 3738 ejus
505 3663 638 3739 impletur
652 3662 793 3730 voluntas,
806 3662 882 3735 quod
897 3663 1007 3720 scilicet
1020 3657 1134 3738 plurimi
1149 3665 1250 3734 libero,
1265 3684 1324 3740 quo

56 3743 57 3747 ἵ
126 3758 222 3817 donati
237 3769 313 3824 sunt,
328 3759 442 3816 arbitrio
454 3760 611 3818 abutantur.
648 3760 869 3819 Consueveruut
882 3760 986 3819 idcirco
998 3760 1141 3838 Theologi
1156 3762 1323 3822 absolutum

127 3856 182 3914 Dei
198 3855 370 3914 voluntatem
393 3858 428 3914 ab
449 3857 497 3915 illa
510 3876 574 3930 quoe
593 3857 758 3917 conditione
778 3859 884 3925 nititur,
900 3858 1084 3935 distinguere,
1099 3877 1133 3916 ea
1154 3861 1231 3918 euim
1247 3861 1323 3919 haud

126 3951 253 4028 impleta,
269 3952 380 4010 nonsit
400 3952 478 4026 quod
492 3953 560 4010 alias
581 3955 758 4041 contigisset,
773 3953 823 4010 sed
844 3953 920 4011 aliud
942 3955 1036 4012 evcnit
1049 3955 1125 4026 quod
1149 3955 1229 4015 Deus
1244 3959 1321 4016 eain

225 4111 264 4170 (1)
281 4107 330 4171 Ep.
342 4109 390 4155 146
402 4107 433 4156 ad
444 4108 544 4159 Damas.
828 4113 866 4171 (7)
884 4089 965 4161 lnloo

175 4196 182 4204 “
223 4197 261 4256 (2)
279 4192 436 4242 Numniil.
451 4196 483 4243 17
824 4200 862 4260 (8)
879 4195 910 4245 L.
921 4197 937 4248 i.
949 4197 1013 4247 conf.
1026 4213 1048 4247 c.
1059 4199 1091 4248 iv.

225 4282 263 4343 (a)
281 4279 341 4328 nat
352 4278 422 4328 tao.
714 4324 723 4335 ,
823 4283 861 4344 (a)
879 4282 1030 4334 interea.
1184 4335 1196 4340 ,

224 4365 262 4426 (4)
279 4362 359 4414 saar.
374 4365 414 4412 ιτ.
762 4404 766 4409 .
793 4424 798 4431 ,
821 4370 875 4427 (10)
894 4367 1085 4420 uenenato.

224 4450 261 4508 (5)
279 4446 343 4496 Gen.
354 4446 379 4496 ri
390 4449 414 4496 6.
583 4504 589 4517 ι
709 4460 746 4495 ··.·
763 4478 767 4483 -
823 4453 879 4515 (ll)
897 4451 967 4504 baie
978 4453 1037 4502 xlvi.
1051 4453 1082 4502 10

224 4534 261 4596 (a)
278 4532 299 4582 1.
315 4533 375 4596 aaa
387 4549 427 4584 xv.
441 4534 483 4584 aa.
720 4524 801 4593 ·.·
820 4524 966 4605 (ianuam.
980 4538 1014 4589 tx.
1029 4541 1068 4590 ra.

752 4614 776 4639 ·21

766 4807 772 4819 ·
832 4746 933 4853 νὴ..
