2744 5024
119 282 158 343 06
388 284 446 349 DE
466 283 569 347 Just]
590 281 763 344 CHRISTI
783 283 1049 349 utvlnm‘t's,

117 444 268 513 habebant,
277 452 369 502 morte
383 442 532 520 puniendi,
548 443 630 501 turba
643 443 708 502 zelo
722 444 794 521 legis
806 444 954 522 flagrmte,
966 446 1010 504 vel
1023 456 1100 504 certe
1113 465 1132 504 a
1143 441 1264 523 publico
1277 441 1329 504 tr‘v

116 543 223 602 bunali.
265 540 345 600 Hinc
359 561 376 598 a
389 539 536 599 sacerdote
551 559 666 599 summo
689 543 878 618 interrogatus
890 553 935 600 est
947 542 1004 601 Dei
1017 545 1154 602 nomine:
1178 552 1200 580 “
1210 542 1325 620 Adiuro

115 646 206 715 teper
218 637 315 697 Deum
331 637 428 695 virum
442 647 473 694 ut
487 635 566 694 dicas
587 637 670 694 nobis
685 638 711 694 si
725 645 755 693 tu
769 655 801 694 es
816 637 951 695 Christus
966 639 1042 696 filius
1056 637 1162 697 Dei.”²
1206 638 1279 718 lpso
1292 635 1322 695 id

33 768 40 777 ·
114 735 229 804 semote,
239 754 328 809 seque
342 733 514 812 praedicente
529 744 679 792 venturum
694 734 723 792 in
738 735 861 792 nubibus
875 735 941 793 coeli
955 746 987 793 nt
996 737 1095 794 orbem
1106 735 1230 812 judicet,
1243 733 1321 809 quod

115 849 185 909 sape
199 831 327 890 scientis
340 848 461 888 summae
475 838 504 887 et
517 830 651 906 potentie
666 828 773 887 indicio
787 843 856 896 erat,
869 830 954 888 scidit
967 831 1110 889 Sacerdos
1121 849 1193 901 suas
1215 841 1335 898 vestem·

115 929 202 988 veluti
224 929 432 1006 blasphemiam
453 926 679 985 exhorrescens:
706 936 726 962 “
740 927 956 1003 Blasphemavit
971 927 1002 995 ;''
1025 946 1189 1002 omnesque
1213 928 1271 985 sibi
1288 928 1319 986 iu

111 1024 223 1103 judicio
237 1025 406 1084 adsistentes
420 1043 488 1082 eum
502 1024 601 1082 mortis
622 1041 703 1081 reum
720 1025 946 1100 pronuntiarunt.
988 1025 1054 1083 Jam
1068 1024 1136 1083 verd
1150 1024 1249 1083 nullus
1264 1023 1318 1081 fuit

114 1122 196 1182 locus
210 1123 397 1188 accusationi,
409 1119 633 1196 interrogationi,
648 1118 694 1176 vel
709 1119 830 1194 judicio,
845 1121 870 1176 si
886 1120 977 1191 lilium
997 1120 1090 1178 latiori
1103 1138 1196 1178 sensu
1209 1138 1242 1178 se
1255 1118 1317 1177 dix·

114 1219 205 1285 isset;
219 1217 316 1276 Judtei
328 1219 405 1275 enim
420 1233 533 1282 omnes,
552 1215 652 1272 saltem
667 1216 888 1292 quotquotjusti
902 1216 1080 1283 videbantur,
1093 1217 1147 1274 filii
1161 1216 1222 1273 Dei
1234 1216 1316 1282 habe·

113 1314 224 1373 bantur.
264 1314 352 1372 Jesus
366 1313 453 1370 etiam
468 1324 573 1370 temere
588 1330 620 1370 se
634 1312 741 1389 objecit
760 1313 929 1380 discrimini,
944 1324 1072 1370 mentem
1087 1332 1169 1371 suam
1186 1312 1314 1381 celando,

112 1411 143 1471 ln
157 1409 283 1469 solemni
299 1409 422 1488 judicio,
437 1426 526 1482 quum
548 1409 628 1471 vocis
649 1409 832 1489 ambiguitate
854 1410 974 1478 sublata,
988 1428 1106 1468 omnem
1126 1411 1315 1468 accusationis

111 1508 240 1584 speciem
264 1507 437 1565 sustulisset.
498 1506 579 1582 Ergo
602 1523 640 1562 ex
671 1506 768 1582 regula
792 1506 957 1578 aequissima
981 1507 1236 1583 interpretationis,
1261 1525 1314 1580 qus

111 1623 198 1664 voces
213 1623 247 1662 ea
259 1605 369 1663 ratione
383 1603 573 1681 intelligenda
588 1612 666 1671 sunt,
681 1622 737 1675 qua
751 1603 785 1661 ab
806 1603 985 1661 audientibus
999 1605 1162 1662 necessarie
1178 1604 1312 1682 intellige-

111 1703 222 1772 bantur,
236 1703 326 1761 Jesus
338 1702 430 1761 Filius
443 1701 500 1759 Dei
511 1700 711 1783 agnoscendus
724 1711 777 1768 est,
793 1701 858 1759 Deo
872 1701 1016 1774 aequalis.⁸

151 1798 304 1858 Probatur
318 1795 379 1857 III.
394 1815 430 1856 ea·
444 1798 503 1856 Dei
517 1797 623 1855 Putris
637 1797 805 1855 testimonio
815 1796 930 1873 pluries
944 1796 1025 1855 dato.
1072 1842 1074 1847 .

74 1875 82 1893 l
152 1899 201 1954 66.
216 1896 368 1972 Baptizato
379 1895 462 1962 Jesu,
474 1912 541 1952 eece
554 1910 610 1951 vox
622 1892 657 1950 de
666 1893 746 1950 coelis
757 1893 874 1950 dicens:
891 1902 910 1928 “
923 1891 981 1950 Hic
991 1902 1035 1950 est
1046 1893 1123 1951 filins
1134 1912 1218 1952 mens
1228 1895 1312 1955 dilec·

111 2001 166 2059 tus,
181 1992 212 2050 in
234 2011 291 2065 quo
314 1992 386 2049 mihi
407 1989 611 2066 complacui.'’³
651 1989 684 2046 ln
697 2001 803 2046 -moute
827 1989 918 2065 gloria
937 1988 1129 2047 circumdatus
1151 1991 1234 2049 visus
1257 2003 1310 2060 est,

111 2095 168 2143 “et
181 2103 238 2143 vox
259 2086 333 2143 sacta
351 2095 395 2140 est
408 2083 443 2140 de
464 2085 541 2140 nube
561 2083 681 2140 dicens:
713 2084 769 2140 Hic
789 2093 834 2142 est
854 2084 946 2141 Filius
966 2103 1048 2142 meus
1069 2085 1202 2155 dilectus,
1217 2090 1310 2165 ipsum

110 2179 253 2238 audite.”⁴
293 2178 456 2237 Gentilibus
472 2178 669 2253 presentibus,
685 2180 734 2249 qui
749 2197 814 2236 eum
829 2198 1002 2255 cognoscere
1017 2181 1181 2256 cupiebant,
1197 2182 1311 2242 Patrem

109 2275 272 2335 invocavit:
295 2283 315 2310 “
326 2274 421 2339 Pater,
436 2273 560 2330 clarifica
580 2292 684 2332 nornen
706 2287 796 2332 tuum.
843 2276 927 2333 Venit
947 2294 1015 2352 ergo
1030 2294 1087 2334 vox
1101 2276 1137 2334 de
1151 2279 1250 2341 coelo:
1271 2279 1319 2338 Eo

108 2372 271 2439 clarificavi,
297 2371 448 2428 etiterum
473 2370 682 2428 clarificabo.”⁵
723 2373 914 2445 Nequaquam
939 2373 1018 2444 credi
1043 2383 1140 2450 potest
1164 2394 1234 2434 eum
1256 2377 1311 2436 Dei

107 2470 214 2529 Filium
230 2477 305 2527 tanta
326 2486 391 2526 cunt
406 2467 584 2526 solemnitate
605 2469 717 2526 coelitus
738 2469 920 2538 declaratum,
935 2471 992 2528 nisi
1014 2489 1082 2528 vere
1102 2485 1183 2531 esset
1206 2493 1224 2531 a
1245 2475 1310 2533 Deo

107 2564 191 2624 Patre
206 2565 335 2642 genitus:
358 2582 412 2621 nec
427 2564 503 2631 enim
516 2564 602 2623 latum
618 2564 761 2637 quendam
776 2584 905 2632 sensum,
921 2567 970 2638 qui
985 2549 1176 2643 hyperbolem
1191 2569 1310 2637 redolet,

107 2665 138 2722 in
152 2664 269 2722 vocibus
285 2664 322 2720 ita
336 2662 450 2720 emissis
465 2681 591 2735 quaerere
605 2663 681 2720 licet.

147 2765 195 2820 67.
220 2758 371 2818 Probatur
384 2757 405 2816 I
409 2756 494 2816 lien
508 2757 686 2816 testimoniis
707 2776 771 2835 que
786 2757 922 2816 divinant
936 2765 1079 2818 nutrirem
1096 2759 1220 2820 Christo
1233 2761 1308 2820 Jesu

106 2856 282 2934 adsignant.
326 2863 345 2890 “
358 2855 415 2921 Qui
430 2874 494 2912 curn
506 2857 535 2912 in
547 2856 638 2913 forma
651 2855 708 2912 Dei
720 2865 805 2922 esset,
818 2874 876 2912 non
890 2856 1017 2930 rapinam
1027 2857 1176 2914 arbitratus
1188 2869 1234 2916 est
1246 2877 1310 2917 esse

105 2974 137 3012 se
150 2953 287 3025 aequalem
308 2951 397 3009 Deo:
421 2951 471 3007 sed
487 2953 675 3028 semetipsum
697 2953 854 3008 exinanivit
874 2954 995 3009 sormam
1015 2954 1092 3010 servi
1106 2955 1264 3031 accipiens,
1280 2957 1309 3014 in

105 3046 321 3106 similitudinem
342 3045 492 3102 homiuum
514 3046 614 3114 factus,
630 3058 658 3103 et
678 3047 776 3105 habitu
799 3049 930 3105 inventus
945 3058 977 3105 ut
996 3049 1094 3107 homo.
1138 3050 1311 3110 Humiliavit

105 3141 292 3215 semetipsum
317 3138 408 3196 sactus
430 3139 566 3197 obediens
597 3159 689 3212 usque
715 3141 750 3199 ad
773 3152 904 3210 mortem,
931 3155 1051 3200 mortem
1080 3154 1176 3203 autem
1205 3147 1309 3205 crucis.

104 3239 225 3313 Propter
235 3231 311 3305 quod
325 3243 353 3289 et
367 3232 448 3290 Deus
463 3234 597 3292 exaltavit
608 3236 698 3304 illum,
711 3249 739 3293 et
753 3237 869 3295 donavit
883 3239 923 3296 illi
936 3257 1050 3305 nomon,
1066 3239 1145 3312 quod
1157 3250 1203 3299 est
1223 3260 1310 3318 super

104 3351 189 3393 omne
198 3348 303 3389 nomen
312 3349 320 3386 ε
330 3339 362 3387 nt
372 3329 526 3388 innomine
535 3331 554 3388 J
556 3349 605 3389 esu
617 3352 701 3390 omne
713 3353 787 3410 genu
798 3334 927 3393 flectatur
935 3337 1106 3404 coelestium,
1116 3340 1308 3406 terrestrium,

104 3442 133 3487 et
146 3428 343 3486 infernorum:
367 3435 395 3483 et
409 3426 502 3484 omnis
524 3427 621 3504 lingna
641 3431 808 3488 confiteatur
828 3432 896 3504 quia
909 3424 1053 3490 Dominus
1067 3433 1155 3491 Jesus
1172 3433 1308 3493 Christus

104 3531 133 3584 in
148 3525 294 3603 gloriaest
309 3522 365 3581 Dei
380 3523 520 3582 Patris.''⁰
559 3531 584 3588 ὅς
601 3549 626 3580 εν
643 3531 724 3597 μοςφῇ
741 3528 796 3581 θεοῦ
813 3527 937 3598 triggua,
948 3535 995 3594 οὐχ
1011 3527 1141 3600 ἁςησιγμὸν
1157 3529 1268 3601 ἡγήσω
1279 3536 1322 3586 τὸ·

104 3625 167 3680 εἶναι
177 3647 219 3681 vso
229 3635 285 3695 θεφ.
327 3619 361 3677 ln
376 3620 475 3687 forma,
489 3639 542 3678 seu
555 3633 661 3687 natura,
674 3621 729 3677 Dei
742 3621 867 3678 substitit
876 3622 1013 3689 Verbum,
1028 3622 1148 3681 formam
1160 3625 1239 3682 euim
1255 3643 1307 3701 pro

103 3720 201 3767 natura
215 3712 262 3769 hic
276 3714 351 3771 sumi
366 3724 476 3772 constat
489 3733 526 3771 ex
541 3715 631 3773 forma
645 3715 730 3782 servi,
746 3732 808 3787 quae
824 3727 970 3793 assumpta
984 3716 1097 3784 dicitur,
1113 3736 1171 3790 qua
1197 3721 1306 3778 ratione

65 3867 69 3891 Ι
105 3816 205 3864 natura
226 3807 351 3868 humana
372 3820 447 3869 certe
473 3813 652 3888 exprimitur,
668 3813 708 3869 uti
729 3822 805 3869 recte
827 3813 1023 3872 animadvertit
1040 3815 1201 3891 Gregorius
1217 3819 1306 3876 Nazi-

104 3922 251 3963 anzenus:
276 3915 296 3942 “
309 3907 399 3966 forma
421 3918 515 3965 autem
540 3908 597 3965 Dei
619 3908 695 3966 idem
719 3916 763 3965 est
776 3910 894 3968 omnino
918 3929 950 3967 ac
973 3920 1088 4014 natura,0
1097 3929 1164 3969 nam
1185 3912 1305 3972 sicutin

137 4064 174 4124 (l)
193 4061 264 4110 Matt.
274 4062 342 4111 xxvi.
356 4065 396 4111 63.
416 4062 508 4112 Confer
519 4071 544 4112 et
554 4064 665 4113 Marcum
677 4063 727 4112 xiv.
740 4066 780 4112 61.
1248 4121 1251 4128 ,

137 4148 179 4212 (2)
199 4145 262 4194 Vide
273 4146 304 4196 de
315 4146 362 4197 hoc
373 4157 516 4210 argumento
528 4164 589 4213 opus
601 4164 674 4214 supra
691 4150 832 4201 laudatum:
849 4157 864 4181 ‘⁶
873 4149 998 4202 Divinitas
1015 4149 1047 4199 Ι).
1061 4149 1096 4200 Ν.
1113 4151 1174 4205 Jesn
1187 4151 1305 4214 Obtisti,”

104 4229 324 4294 phoffimffl

137 4317 174 4376 (a)
193 4315 253 4364 Mat
264 4314 298 4364 iii.
312 4317 351 4364 tv.

137 4401 174 4462 (4)
193 4398 253 4450 Luc
265 4399 299 4450 ix.
311 4401 351 4448 ³5.

80 4518 83 4531 .
100 4540 105 4554 Ι
136 4487 174 4544 (6)
192 4484 262 4536 Joan.
274 4484 317 4534 xii.
334 4487 374 4533 38.

46 4602 48 4607 ,
139 4571 176 4629 (6)
194 4569 258 4620 Phil.
270 4569 302 4619 ΙΙ.
314 4572 338 4621 6.
