2730 5018
124 278 185 335 211
440 278 496 339 DE
517 276 740 338 Placuutttl
760 276 1008 339 sacutFtcto.

126 452 204 512 saepe
228 436 328 495 offerat
351 436 551 513 semetipsum,
577 434 818 509 quemadmodum
840 436 976 495 Pontifex
998 437 1082 495 intrat
1104 437 1135 496 in
1148 436 1254 493 Sancta
1271 452 1318 510 per

127 532 254 609 singulos
269 551 359 590 anuos
374 533 404 591 in
418 534 558 609 sanguine
571 532 682 589 alieno:
702 531 840 604 Alioquin
853 534 1001 610 oportebat
1011 550 1077 592 eum
1088 532 1256 606 frequerner
1263 532 1316 608 pati

126 630 161 687 ab
175 630 284 708 origiue
299 629 417 687 mnndi:
439 648 516 687 nunc
537 639 631 686 autem
653 629 744 686 semel
771 629 800 686 iu
824 631 1070 688 consummatione
1090 629 1270 696 soculorum,
1286 628 1319 687 ad
1342 696 1346 701 Ι

126 723 340 785 destitutionem
354 726 480 803 peccati,
507 744 560 802 per
580 725 708 783 hostiam
730 741 815 784 suam
837 728 978 803 apparmt.
1019 727 1070 786 Et
1083 723 1336 800 quemadmodum·

126 831 262 880 statutum
287 831 331 879 est
356 821 520 881 hominihus
542 821 632 879 semel
656 822 739 889 mori.
754 830 831 896 ·post
853 822 909 880 hoc
932 834 1026 882 autem
1047 821 1210 899 judicium
1230 821 1316 881 11111

127 916 262 975 Christus
277 918 366 976 semel
381 919 491 976 oblatus
505 927 550 975 est
564 917 599 975 ad
613 917 765 975 multonem
780 917 1156 996 1111111111111111)11111111”1
1192 916 1314 978 Hostiam
1364 915 1365 949 ³

131 1011 218 1087 igitur
232 1031 314 1070 suam
328 1014 419 1070 semel
433 1014 534 1071 obtulit
548 1013 682 1070 Christus
696 1012 733 1070 ad
747 1023 862 1089 peecata
876 1016 990 1090 penitus
1004 1012 1170 1073 auferenda.

175 1111 243 1164 155.
258 1107 324 1166 Jam
336 1108 459 1166 vidimus
469 1108 617 1167 Christum
627 1110 662 1167 ab
676 1110 699 1167 A
705 1107 837 1185 postulo
829 1107 966 1181 trocaleos
978 1109 1132 1170 victimam
1140 1105 1322 1186 piacularem.
1363 1151 1365 1154 <

129 1203 296 1279 designari,¹
317 1205 351 1260 ab
372 1204 446 1262 Isaia
466 1206 551 1262 etiam
575 1205 663 1264 simili
684 1205 847 1263 vocabulo!
888 1205 978 1282 lgitur
998 1225 1064 1263 vera
1087 1204 1314 1280 111ῑί1111ρὶ111-

128 1299 195 1357 laris
209 1300 285 1359 ratio
294 1300 322 1357 ei
335 1301 489 1376 competit:
505 1311 565 1359 erat
579 1301 657 1359 enim
672 1319 738 1358 vere
752 1301 917 1360 immolatus
932 1301 967 1360 ad
988 1298 1268 1380 peccata-explenda.

526 1514 725 1555 omcmottus
747 1515 935 1556 DlLUUNTUR·

173 1662 239 1715 157
265 1654 362 1734 011131
350 1655 532 1714 l.Christus
557 1656 727 1713 sacrificium
752 1654 808 1712 dici
831 1655 931 1728 nequit
952 1655 1008 1713 nisi
1032 1656 1161 1732 figurate,
1184 1672 1270 1727 quum
1292 1646 1365 1714 s'i

134 1751 269 1810 Pontifex
291 1761 387 1811 noster
408 1751 532 1810 dicatur:
555 1760 673 1824 utraque
695 1760 789 1810 autem
814 1751 967 1828 appellatio
988 1751 1075 1810 simul
1096 1770 1123 1808 er
1114 1750 1178 1809 ad
1196 1749 1314 1850 litterata
1347 1737 1365 1826 fl

131 1851 284 1907 convenire
298 1849 419 1922 nequit.⁴
1334 1922 1337 1927 Δ

175 1949 241 2002 158.
263 1944 352 2022 Rcsp
375 1945 483 2018 Utique
497 1954 525 2002 et
538 1944 673 2003 Pontifex
687 1955 739 2013 est,
755 1955 783 2002 et
797 1945 920 2014 victima,
936 1964 967 2003 se
983 1945 1062 2003 enim
1075 1945 1137 2021 ipse
1151 1942 1253 2001 obtulit
1263 1941 1320 2000 Deo
1334 1929 1365 1995 Ι

133 2041 211 2099 Patri
236 2041 408 2098 sacrificium
433 2040 469 2097 ad
491 2041 640 2099 hominum
665 2040 768 2098 luenda
792 2051 917 2116 peccata.
961 2039 1266 2117 “impossibilecuim
1285 2048 1322 2096 est
1352 2027 1365 2088 Ι.

133 2137 272 2213 sanguine
288 2147 432 2194 taurorum
446 2146 474 2193 et
488 2136 630 2194 hircorum
647 2136 749 2194 auferri
763 2145 889 2213 peccata.
930 2135 1000 2194 Ideo
1015 2134 1178 2212 ingrediens
1192 2130 1323 2193 mundum

132 2233 217 2290 dicit:
242 2233 387 2301 Hostiam,
401 2242 429 2290 et
443 2233 615 2291 oblationem
630 2233 763 2290 noluisti:
786 2252 890 2309 corpus
912 2241 1008 2290 sutem
1020 2233 1122 2308 aptasti
1136 2231 1228 2290 mihi:
1250 2229 1324 2297 holo·
1363 2300 1365 2310 Ι

132 2338 291 2387 cautomata
305 2348 356 2405 pro
378 2338 494 2404 peccato
509 2347 567 2386 uon
583 2328 632 2385 tibi
654 2329 829 2404 placuerunt.
863 2329 957 2387 'Tunc
971 2328 1050 2386 dixi:
1072 2328 1155 2385 Ecce
1167 2327 1273 2386 venio:
1293 2327 1322 2385 in
1362 2321 1365 2382 l

133 2425 225 2501 capite
239 2423 303 2481 libri
316 2424 454 2499 scriptum
469 2432 513 2480 est
525 2423 560 2480 de
575 2441 640 2480 ine:
663 2424 703 2480 Ut
716 2424 829 2491 faciam,
844 2424 935 2490 Deus,
950 2423 1124 2482 voluntatem
1145 2431 1234 2481 tuam.
1257 2465 1268 2480 .
1289 2461 1298 2482 .
1317 2465 1328 2482 .

132 2519 168 2577 lu
182 2539 238 2592 qua
250 2519 392 2578 voluntate
412 2518 577 2576 sanctificati
592 2537 691 2575 sumus
714 2537 764 2594 per
784 2507 959 2576 oblationem
977 2518 1105 2594 corporis
1124 2516 1198 2576 lesu
1221 2516 1329 2577 Christi

134 2615 272 2675 semel.’'⁵
313 2613 474 2672 “Tradidit
487 2614 673 2691 semetipsum
689 2633 740 2691 pro
754 2614 837 2672 nobis
852 2614 1029 2672 oblationem
1040 2623 1070 2672 et
1082 2613 1208 2674 hostiam
1222 2613 1291 2672 Deo
1301 2613 1331 2673 iu

134 2712 250 2770 odorem
265 2709 456 2770 suavitatis.”⁸

176 2814 242 2867 159.
268 2808 334 2888 obj.
349 2815 379 2866 2.
401 2810 555 2885 Apostolus
569 2810 694 2881 loquitur
708 2809 743 2866 de
757 2809 895 2868 sacrificio
910 2809 1009 2867 oblato
1018 2816 1090 2886 post.
1106 2810 1224 2884 rejectas
1239 2807 1333 2866 Judae-

134 2926 217 2965 orum
240 2907 380 2973 victimas,
395 2905 472 2978 quod
491 2923 548 2963 non
569 2905 688 2980 contigit
709 2905 848 2962 Christo
841 2925 869 2963 111
893 2905 972 2962 terris
994 2905 1125 2981 degente,
1143 2903 1237 2962 adhuc
1257 2905 1334 2962 euim

136 3013 323 3078 perrexerunt
337 3001 444 3067 offerri,
455 3002 537 3076 juxta
552 3001 643 3075 ipsam
659 3000 714 3056 Dei
728 3001 832 3076 legem.

177 3099 244 3152 160.
265 3095 355 3172 Resp.
378 3095 633 3153 Redditrationem
648 3096 806 3171 Apostolus
825 3094 1102 3152 curChristussese
1124 3095 1257 3153 obtulerit
1279 3096 1337 3153 vic·

141 3192 253 3257 timum,
267 3192 334 3263 quia
347 3192 457 3248 scilicet
470 3191 653 3248 animantium
670 3192 808 3265 sanguine
823 3201 939 3266 peccata
953 3191 1041 3249 deleri
1056 3210 1113 3250 uon
1129 3202 1270 3268 poterant.
1291 3192 1337 3250 In·

136 3286 268 3364 grediens
291 3287 429 3344 mundum
454 3287 586 3343 Christus
610 3288 769 3356 exiribetur,
785 3291 853 3361 quia
875 3291 941 3348 linis
967 3292 1044 3348 illius
1064 3291 1201 3350 adventus
1224 3293 1287 3360 suit,
1305 3302 1338 3351 ut

136 3392 227 3442 morte
256 3401 308 3439 sua
335 3382 462 3458 expiaret
489 3382 638 3441 homiuum
665 3385 799 3442 crimina:
832 3385 958 3460 ideoque
983 3388 1156 3446 oblationem
1185 3387 1335 3453 moriendo

137 3478 267 3556 perfecit.
946 3557 951 3562 Ι

182 3581 249 3636 161.
275 3575 341 3654 Odj.
357 3580 386 3634 3.
409 3575 542 3635 Christus
566 3576 699 3634 sacerdos
722 3577 812 3635 sactus
836 3587 889 3645 est,
911 3579 994 3655 juxta
1017 3578 1198 3655 Apostolum,
1223 3577 1339 3651 quando

138 3676 219 3733 Deus
234 3695 301 3733 eum
316 3675 422 3733 Filium
434 3693 518 3732 suum
533 3673 702 3731 declaravit:
725 3684 744 3711 “
759 3674 891 3733 Christus
904 3695 962 3734 non
973 3677 1160 3753 semetipsum
1171 3675 1339 3734 clarificavit

138 3781 170 3828 ut
193 3770 322 3846 pontifex
345 3773 440 3829 fieret:
462 3770 513 3828 sed
528 3771 577 3844 qui
599 3771 711 3830 locutus
732 3781 776 3830 est
790 3773 824 3832 ad
850 3791 935 3831 eum:
957 3773 1049 3831 Filius
1070 3791 1150 3831 meus
1165 3791 1197 3830 es
1219 3782 1261 3840 tu,
1282 3791 1339 3849 ego

136 3866 225 3931 hodie
240 3868 325 3945 genui
341 3868 415 3949 test}
455 3867 487 3926 Id
502 3877 596 3926 autem
618 3866 654 3926 de
677 3870 881 3928 resurrectione
896 3869 965 3928 alias
987 3870 1112 3948 explicat
1132 3869 1195 3948 ipse
1216 3868 1340 3935 Paulus,
