2744 5024
77 179 153 306 bib·
190 274 205 305 ·.
227 232 268 259 '⁸
534 232 590 302 bn
612 228 851 302 LIBERTA'PE

79 400 134 458 Dei
148 400 277 458 relictum
292 406 346 465 est,
365 397 431 457 ideo
455 409 484 457 et
506 399 689 474 peccantibus
715 397 856 475 supplicia
879 394 1027 472 proposita
1049 402 1128 462 sunt,
1152 403 1183 451 et
1202 392 1279 450 bene

77 495 261 571 operantibus
279 493 525 585 retributiones.’'²

118 595 187 649 453.
209 591 240 647 S.
258 589 426 648 limarum:
449 588 556 655 “Quid
571 588 688 647 honoris
703 607 736 646 ac
749 587 860 664 premii
874 587 1007 646 bonitatis
1018 587 1180 653 necessitas
1191 600 1282 642 mere·

79 715 165 769 retur,
176 720 241 760 cum
254 701 344 759 malos
355 719 486 771 non,esse
497 701 540 758 vis
552 700 681 772 quedam
692 702 774 758 nobis
783 710 914 758 conserta
923 719 981 758 non
990 699 1109 758 sineret?
1131 690 1282 756 Voluntati

78 816 146 874 ergo
162 798 301 873 permissa
310 799 420 856 bonitas
435 807 530 864 estut
538 798 687 872 praemium
701 796 755 855 sibi
765 796 894 854 voluntas
903 796 1036 854 bonitatis
1048 790 1272 871 acquirerem

119 896 188 949 454.
211 893 245 951 S.
261 891 402 950 Ornatus
427 892 641 950 Minnvrssuus
665 892 721 949 ait:
744 891 913 949 “Voluntas
933 890 1018 948 habet
1041 904 1170 966 poeuam,
1184 902 1283 945 meet·

80 987 148 1044 sitas
165 989 287 1045 veniam.
330 986 485 1044 Homicida
505 986 599 1043 scelus
621 995 715 1063 potest
728 986 830 1053 lacere,
846 995 940 1062 potest
954 984 1039 1042 etiam
1053 1001 1114 1043 uon
1134 983 1239 1048 facere,
1252 990 1281 1038 et

81 1091 183 1137 cetera
196 1080 372 1157 hujusmodi,
388 1082 417 1138 in
432 1081 535 1153 quibus
549 1080 670 1138 liberum
684 1080 803 1137 habetur
814 1077 1004 1138 arbitrium.”⁸

122 1179 192 1232 455.
214 1175 246 1233 S.
264 1174 484 1233 llrenorrrrrus:
508 1175 632 1231 “Liberi
647 1175 753 1231 arbitrii
775 1193 827 1232 nos
849 1173 976 1231 condidit
995 1171 1088 1240 Deus,
1103 1189 1159 1230 nee
1179 1167 1215 1228 ad
1229 1169 1284 1228 vir·-

83 1280 167 1335 tutes,
183 1288 236 1327 nec
251 1268 285 1325 ad
295 1270 362 1326 vitia
373 1269 540 1327 necessitate
552 1268 707 1326 trahimur:
723 1269 852 1342 alioquin
864 1271 913 1328 ubi
924 1269 1092 1336 necessitas,
1104 1286 1159 1325 nec
1169 1264 1284 1324 damna·

82 1364 132 1431 tio,
147 1381 201 1420 nec
214 1381 320 1420 corona
333 1362 424 1420 est.’“

121 1462 190 1515 456.
222 1459 253 1514 S.
283 1459 485 1525 hueusrruus,
510 1457 605 1515 relatis
633 1476 702 1517 mox
722 1459 842 1517 laudatis
861 1458 1037 1536 Hieronymi
1063 1457 1170 1525 verbis,
1193 1456 1284 1514 dicit:

85 1554 191 1618 “Quis
206 1571 265 1610 non
279 1553 436 1628 agnoscat?
458 1554 523 1624 quis
539 1572 596 1611 non
606 1562 665 1612 toto
679 1553 764 1611 corde
774 1556 929 1631 suscipiatl
957 1554 1030 1619 Quis
1045 1553 1125 1610 aliter
1139 1552 1285 1611 conditam

21 1682 30 1696 .
84 1647 237 1705 humanam
253 1658 337 1723 neget
356 1665 421 1705 esse
432 1649 582 1706 naturam?
624 1648 683 1706 Sed
697 1649 726 1706 in
739 1648 957 1707 rectelaciendo
971 1648 1155 1706 ideonullum
1169 1648 1287 1706 estsin-

84 1742 181 1801 culum
194 1743 382 1811 necessitatis,
397 1743 465 1815 quia
477 1751 521 1800 est
534 1742 647 1801 libertas
669 1743 859 1803 charitatis.'‘⁵
890 1744 978 1801 Alias
999 1743 1092 1811 docet,
1108 1743 1286 1800 “neminem

85 1839 292 1913 vituperatione
314 1838 492 1915 suppliciove
505 1839 634 1914 dignum,
649 1841 700 1913 qui
724 1840 813 1898 antid
828 1840 897 1898 velit
917 1840 993 1913 quod
1012 1840 1124 1916 justitia
1138 1838 1210 1896 velle
1225 1856 1288 1897 non

85 1935 227 2011 prohibet,
237 1946 284 1992 aut
293 1934 323 1993 id
333 1954 390 1993 non
399 1937 482 1994 saciat
496 1936 573 2008 quod
587 1936 678 1994 iacere
693 1956 751 1994 non
762 1945 865 2012 potest.
895 1936 1002 1996 Nonne
1017 1937 1071 1994 ista
1085 1943 1199 1993 cantant
1212 1943 1243 1991 et
1257 1934 1289 1992 in

85 2029 230 2087 montibus
255 2039 394 2104 pastores,
415 2038 444 2086 et
464 2029 493 2086 in
515 2029 630 2087 theatris
645 2040 746 2106 poetae,
762 2040 790 2087 et
804 2030 910 2088 indocti
924 2032 955 2087 in
975 2029 1100 2097 circulis,
1115 2039 1143 2087 et
1165 2018 1246 2086 docti¹
1257 2028 1288 2087 in

86 2121 277 2189 bibliothecis,
293 2133 321 2179 et
340 2123 469 2198 magistri
483 2124 512 2182 in
524 2124 642 2192 scholis,
657 2135 686 2182 et
699 2125 837 2183 antistites
852 2125 881 2182 in
903 2125 1019 2182 sacratis
1034 2125 1117 2192 locis,
1131 2133 1161 2182 et
1175 2124 1205 2180 in
1219 2123 1288 2181 orbe

86 2225 224 2274 ursarum
238 2235 328 2294 genus
342 2218 609 2277 humanum.”⁸-“
619 2220 730 2279 Animae
742 2219 871 2278 rationali
885 2239 948 2293 quae
968 2229 1014 2277 est
1033 2221 1064 2278 iu
1077 2219 1196 2279 homine
1210 2212 1290 2276 dedit

87 2296 168 2369 Deus
183 2298 303 2371 liberum
328 2314 492 2370 arbitrium:
514 2313 557 2370 sic
570 2315 648 2371 enim
662 2322 762 2389 posset
783 2314 887 2372 habere
911 2315 1053 2382 meritum,
1077 2316 1104 2370 si
1129 2314 1288 2382 voluntate,

86 2423 145 2464 oon
159 2409 337 2473 necessitate,
353 2407 421 2464 boni
435 2424 575 2464 essemus.
618 2407 700 2465 Oum‘
721 2426 790 2485 ergo
811 2417 940 2486 oporteat
960 2428 1018 2483 non
1034 2410 1220 2484 necessitate,
1236 2407 1289 2466 sed

88 2492 232 2558 voluntat'e
243 2501 351 2559 bonum
365 2519 441 2568 esse,
456 2503 603 2577 oportebat
612 2513 644 2559 ut
656 2502 737 2560 Deus
752 2505 853 2561 anime
868 2503 947 2561 daret
959 2505 1080 2562 liberum
1094 2502 1291 2562 arbitrium.”⁷

89 2597 153 2654 “Si
168 2599 336 2655 necessitate
358 2598 387 2653 id
407 2597 551 2663 fecissent,
573 2598 651 2654 nullo
673 2600 782 2673 peccati
804 2599 918 2657 vinculo
933 2599 1143 2657 tenerentur.”⁸

129 2696 199 2749 457.
222 2693 254 2749 S.
268 2693 470 2748 Burunitanus:
494 2700 513 2727 ‘⁴
526 2690 611 2748 Unde
625 2691 746 2749 liberum
770 2693 914 2750 arbitrium
929 2694 1100 2758 nominatur,
1115 2691 1191 2764 quod
1206 2692 1294 2754 liceat

91 2788 213 2843 aversari
225 2788 254 2842 in
271 2787 316 2842 his
332 2804 383 2862 pro
398 2787 510 2844 arbitrio
525 2786 687 2854 voluntatis,
703 2787 768 2844 inde
783 2789 870 2845 homo
885 2788 920 2844 ad
934 2788 1152 2864 promerendum
1170 2783 1294 2864 potis.’‘⁰

129 2886 198 2937 458.
221 2881 340 2940 Accedit
363 2882 434 2938 ratio
449 2892 478 2937 et
490 2882 607 2940 intimus
622 2885 749 2939 omnium
766 2901 878 2950 sensus,
893 2884 1091 2956 uuusquisque
1106 2884 1184 2941 enim
1200 2885 1293 2952 sentit

90 2978 246 3036 libertatem
263 2980 296 3035 ab
312 2978 390 3036 omni
408 2979 583 3035 necessitatis
598 2980 712 3037 vinculo
734 2979 767 3037 ad
782 2985 924 3047 meritum,
940 2991 968 3037 et
982 2981 1150 3039 demeritum
1172 2982 1293 3054 requiri,

93 3084 121 3129 et
136 3077 236 3131 merita
250 3074 346 3149 augeri
361 3092 418 3145 quo
438 3074 555 3132 liberius
571 3076 642 3133 fiunt
656 3077 765 3134 virtutis
781 3096 876 3155 opera,
891 3076 1027 3135 demerita
1041 3077 1106 3135 verb
1122 3096 1175 3153 pro
1189 3078 1295 3154 majori

91 3168 226 3225 libertatis
241 3169 388 3226 exercitio.

587 3359 794 3403 OBJECTIONES.

134 3498 201 3553 459.
229 3494 294 3573 obj.
313 3500 338 3553 l.
362 3495 537 3574 Augustinus
550 3497 584 3554 de
600 3500 708 3575 angelis
726 3501 808 3558 dicit:
833 3512 852 3538 “
866 3503 958 3569 Quam
972 3520 1056 3578 porro
1066 3520 1170 3579 magna
1184 3504 1295 3561 sitlaus

95 3590 238 3651 adhaerere
254 3594 328 3662 Deo,
344 3603 374 3651 ut
394 3596 420 3650 ei
442 3594 527 3660 vivat,
550 3594 615 3651 inde
630 3597 730 3672 sapiat,
745 3598 795 3656 illo
815 3600 946 3676 gaudeat,
968 3610 1102 3673 tantoque
1127 3601 1204 3659 bono
1230 3600 1297 3658 sine

361 3821 400 3884 (1)
419 3819 494 3868 Hom.
505 3819 564 3868 xxii.
575 3819 602 3868 in
619 3820 683 3869 Gen.

360 3909 397 3965 (2)
416 3905 445 3953 ln
457 3905 498 3953 Ps.
509 3905 534 3953 ii.
552 3921 577 3953 n.
593 3907 631 3953 16.

358 3993 395 4049 (3)
408 3988 438 4037 L.
449 3987 490 4038 vii.
502 3989 555 4038 adv.
567 3989 712 4039 Parmenien
724 3991 751 4039 in
762 3991 815 4055 ipso
825 3992 874 4040 fere
884 3993 1010 4059 principio.

363 4073 402 4135 (4)
423 4069 453 4118 L.
462 4072 487 4119 ii.
494 4078 578 4119 contre
587 4072 668 4121 Jovin.

364 4155 403 4218 (5)
423 4153 453 4202 L.
464 4154 493 4202 de
502 4153 561 4202 Nat.
573 4162 598 4203 et
609 4161 667 4215 grat.
679 4172 699 4204 c.
712 4157 760 4205 lxv.

367 4241 404 4298 (6)
422 4237 452 4287 L.
464 4239 494 4287 de
503 4239 597 4288 duabus
608 4241 742 4290 animabus.
754 4258 775 4290 c.
783 4243 817 4290 xi.

362 4325 401 4387 (7)
419 4322 448 4372 L.
457 4333 541 4374 eontra
552 4324 678 4374 Fortunat.
688 4326 797 4376 Manieh.
808 4327 869 4392 disp.
881 4331 902 4387 l,
913 4344 938 4378 n.
955 4332 984 4377 15

366 4410 405 4466 (8)
423 4406 452 4454 L.
464 4408 494 4456 de
504 4423 561 4456 vero
572 4407 650 4468 Relig.
661 4424 682 4456 c.
693 4410 742 4458 xiv.

360 4491 397 4552 (9)
415 4490 577 4546 sermlxxxi.
596 4490 738 4548 incanum.
