2744 5024
571 214 796 321 uersuum.
1051 274 1058 285 .
1179 274 1192 297 ·
1222 255 1280 313 401

121 409 173 468 24.
203 411 287 471 Justa
311 413 385 484 idea,
411 432 496 489 quem
525 417 663 477 Centurio
684 417 769 475 habet
788 413 824 474 de
844 413 1051 492 omnipotentia
1070 412 1138 482 Dei,
1160 411 1190 470 dr
1209 410 1282 471 Jesu

83 499 197 563 Christi
210 508 241 565 in
253 509 387 569 sanandis
409 513 576 590 corporibus
597 514 659 572 solo
680 523 833 570 motusue
847 509 1011 576 voluntatis,
1027 517 1079 568 est
1091 509 1187 591 iptago
1208 505 1280 579 idem

83 615 149 670 quae
177 603 274 664 haberi
295 607 379 667 debet
398 608 434 667 d'e
454 611 661 688 omnipotentia
686 627 745 668 suae
766 609 864 684 gratiae
887 607 918 666 iu
938 606 1072 667 sanandis
1096 596 1244 665 animabus
1266 621 1283 660 a

82 699 248 772 cupiditate.

22 840 30 853 .
123 799 173 852 25.
196 797 276 856 Deus
305 801 446 861 illuminat
469 803 593 863 animam
619 802 649 861 dr
669 821 732 862 eam
753 812 935 883 sanet-aeque
960 820 993 860 ac
1014 818 1119 879 corpus
1140 798 1202 859 sola
1228 815 1281 855 sua

82 890 228 952 voluntate
245 916 252 963 ;
268 898 350 973 jubet
364 899 393 957 dr
407 900 464 977 ipsi
478 902 701 978 obtemperatur.

123 992 174 1048 26.
197 991 292 1051 Nullae
306 994 408 1053 dantur
421 999 527 1073 gratias,
542 999 599 1055 nisi
613 996 773 1074 perfidem.

123 1088 174 1142 27.
196 1087 283 1146 Fides
298 1100 341 1148 est
354 1093 446 1169 prima
459 1094 557 1170 gratia,
573 1093 602 1151 do
616 1093 680 1152 lons
693 1093 821 1151 omnium
836 1091 964 1150 aliarum.

124 1184 173 1237 28.
209 1184 307 1244 Prima
338 1189 436 1264 gratia,
463 1207 549 1262 quam
578 1189 658 1247 Deus
687 1188 818 1248 concedit
845 1186 998 1266 peccatori,
1026 1191 1072 1243 ert
1097 1189 1307 1261 pcccatorum·

84 1295 231 1339 remissio.

125 1378 172 1432 29.
196 1377 287 1436 Extra
301 1380 462 1440 Ecclesiam
477 1383 554 1440 nulla
568 1382 732 1442 conceditur
745 1383 843 1458 grstia.

126 1475 173 1530 30.
188 1473 297 1534 Omnes
313 1496 385 1550 quos
400 1479 480 1537 Deus
495 1479 555 1537 vult
568 1461 741 1556 salvareper
753 1478 912 1542 Christum,
927 1473 1070 1533 salvantur
1083 1470 1278 1530 infallibiliter.

126 1570 174 1626 31.
196 1569 347 1631 Desideria
368 1575 477 1634 Christi
498 1594 612 1653 semper
633 1577 737 1635 habent
763 1593 847 1634 suum
873 1571 1028 1640 effectum
1057 1587 1157 1648 pacem
1179 1567 1280 1625 intimo

35 1690 49 1695 -
85 1663 214 1724 cordium
230 1669 324 1737 insert,
340 1672 453 1743 quando
467 1673 510 1730 eis
524 1673 599 1731 illam
615 1682 702 1749 optat.
1109 1716 1112 1722 ,

125 1764 173 1818 32.
195 1763 281 1820 Jesus
307 1765 440 1824 Christus
465 1787 496 1825 se
518 1769 601 1827 morti
626 1767 738 1826 tradidit
763 1773 797 1824 ad
822 1762 998 1824 liberandum
1019 1779 1071 1838 pro
1091 1777 1206 1836 semper
1225 1775 1279 1815 suo

84 1859 223 1933 sanguine
238 1861 453 1938 primogenitos,
468 1863 497 1921 id
512 1875 565 1931 est,
581 1865 697 1932 electos,
713 1863 749 1920 de
764 1881 849 1921 manu
864 1859 966 1938 Angeli
981 1856 1218 1941 epterminatoris.

109 1951 111 1954 ⁴
125 1959 173 2012 33.
197 1957 293 2037 Proh!
316 1970 452 2032 quantum
473 1971 584 2039 oportet
605 1962 688 2019 bonis
702 1961 832 2027 terrenis,
847 1959 877 2017 liu
891 1956 1077 2034 sibimetipsis
1090 1953 1278 2020 renuntiasse,

85 2048 121 2107 ad
136 2051 191 2109 hoc
205 2063 236 2110 ut
250 2055 314 2126 quis
329 2055 461 2115 fiduciam
489 2058 590 2116 hebeat
603 2058 668 2125 sibi,
685 2059 767 2114 utita
787 2056 891 2124 dicam,
907 2055 1108 2133 appropriaodi
1131 2056 1279 2115 Christum

84 2145 197 2214 lesum,
213 2150 275 2224 ejus
297 2169 433 2218 amorem,
449 2161 581 2221 mortem,
606 2153 635 2211 du
660 2153 807 2230 mysteria,
834 2161 865 2210 ut
889 2151 956 2210 facit
975 2153 1009 2216 S,
1032 2152 1138 2214 Paulus
1160 2151 1279 2219 dicens;

90 2239 149 2312 Qut
163 2243 270 2303 dilexit
283 2264 339 2314 me,
356 2250 380 2317 dr
395 2249 521 2306 tradidit
534 2250 724 2326 semetipsum
732 2267 789 2327 pro
803 2266 859 2307 me.

125 2343 172 2396 34.
197 2341 296 2398 Gratia
311 2343 416 2400 Adami
431 2363 487 2402 non
502 2344 685 2422 producebat,
701 2346 757 2402 nisi
771 2345 871 2403 merita
884 2343 1018 2406 humana.

124 2441 172 2493 35.
197 2437 295 2498 Gratia
311 2439 416 2500 Adami
431 2451 475 2499 est
489 2442 606 2516 sequela
619 2443 781 2517 creationis,
797 2442 826 2504 dt
841 2451 901 2501 erat
914 2441 1009 2501 debita
1028 2451 1135 2503 naturae
1150 2461 1236 2510 sanae,
1252 2441 1282 2501 du

88 2535 210 2612 integrae.
461 2610 465 2616 Ι
704 2558 709 2563 ·

125 2636 173 2689 36.
196 2633 538 2695 Differentia'essentialis
554 2637 627 2695 inter
640 2637 758 2713 gratiam
773 2633 887 2701 Adami,
904 2635 933 2693 b
947 2644 1036 2693 status
1050 2635 1232 2717 innocentis,
1249 2655 1281 2693 ac

86 2729 202 2802 gratiam
219 2719 420 2793 Christianam*
433 2743 487 2801 est,
509 2733 586 2807 quod
611 2734 732 2810 primam
753 2731 952 2804 unusquisque
973 2732 1003 2788 in
1024 2732 1138 2808 propria
1159 2750 1282 2808 persona

86 2825 257 2900 recepisset:
274 2827 326 2884 ista
340 2846 407 2886 vero
421 2847 479 2886 non
491 2830 634 2906 recipitur,
650 2828 706 2885 nisi
720 2829 748 2886 in
763 2845 886 2906 persona
899 2823 969 2884 Jesu
985 2824 1095 2884 Christi
1109 2816 1280 2911 resuscitati,

87 2919 284 2980 curuosunitl
304 2942 414 2982 sumus.
473 2939 477 2948 ·

124 3020 173 3077 st.
197 3018 296 3076 Gratia
310 3021 424 3087 Adami,
436 3019 639 3079 sanctificando
654 3020 733 3078 illum
756 3021 785 3080 in
805 3019 973 3096 semetipso,
988 3030 1047 3079 erat
1061 3020 1103 3079 illi
1124 3020 1281 3096 proportio·
1337 3011 1340 3016 ’

34 3161 35 3165 ,
84 3122 167 3180 nata;
190 3118 278 3190 gratia
293 3114 456 3174 Christiana
469 3135 521 3174 nos
536 3116 739 3174 sanctificando
755 3117 783 3174 in
796 3114 869 3174 'Jesu
885 3115 1015 3186 Christo,
1029 3124 1074 3175 est
1087 3118 1281 3198 omnipotens,

86 3205 382 3285 mmmm
621 3200 623 3205 '
1028 3232 1031 3237 ·

124 3307 172 3360 38.
189 3304 328 3364 Peccator
342 3327 400 3366 non
415 3317 459 3366 est
472 3309 553 3375 liber,
568 3308 625 3367 nisi
639 3306 674 3366 ad
689 3292 806 3375 malum,
821 3308 888 3366 sine*
899 3308 988 3386 gratis
1000 3308 1168 3369 liberatoris.
1224 3375 1226 3380 ¹
1321 3316 1335 3359 '-

123 3403 172 3456 39.
197 3401 345 3471 Voluntas,
368 3422 453 3476 quam
474 3404 562 3480 gratia
583 3395 641 3462 hon
662 3403 809 3478 praereuit,
824 3404 897 3462 nihil
918 3405 1003 3461 habet
1022 3406 1153 3474 luminis,
1175 3406 1231 3464 nisi
1245 3405 1280 3463 ad

68 3495 269 3556 aberraturum
283 3521 291 3557 ε
315 3499 432 3567 ardoris,
448 3501 505 3558 nisi
517 3499 552 3556 ad
567 3517 598 3556 se
614 3496 867 3575 praecipitandum
890 3488 1005 3564 uirium,
1019 3501 1076 3557 nisi
1090 3500 1125 3558 ad
1140 3519 1171 3558 se
1184 3503 1281 3560 vulne·

84 3582 202 3652 randum
216 3614 223 3662 ;
239 3607 282 3653 est
295 3615 385 3672 capax
399 3596 493 3655 omnis
509 3595 586 3658 mali,
603 3594 632 3651 dr
647 3594 769 3669 incapax
776 3590 817 3649 -ad
832 3610 917 3650 omne
932 3594 1069 3652 bonum·
1089 3642 1096 3652 .

126 3697 175 3750 40.
200 3691 269 3748 Sine
284 3693 371 3768 gratia
385 3693 456 3750 nihil
469 3709 562 3773 amare
576 3708 739 3766 possumus,
751 3689 805 3746 nisi
818 3688 852 3746 ad
865 3697 989 3747 nostram
1002 3688 1281 3751 condemnationem.
1319 3768 1321 3770 Υ

124 3791 172 3846 41.
195 3787 298 3846 Omnis
313 3788 439 3865 cognitio
452 3776 518 3853 Dei,
531 3787 616 3843 etiam
633 3785 776 3864 naturalis,
791 3783 879 3847 etia'ur
891 3784 921 3841 in
934 3783 1121 3861 Philosophis
1135 3784 1280 3854 Ethuicis,

84 3906 141 3946 uon
156 3898 250 3964 potest
264 3887 370 3954 venire,
385 3886 441 3943 nisi
456 3904 472 3942 a
488 3884 560 3951 Deo,
576 3896 604 3941 et
618 3883 680 3941 sine
701 3883 790 3959 gratia
811 3900 866 3939 non
889 3878 1030 3964 producit,
1045 3881 1101 3939 nisi
1124 3870 1281 3961 praesurlrp-
1322 3933 1325 3937 ,

84 3985 203 4051 tionem,
231 3983 393 4049 vanitatem,
416 3980 445 4038 du
473 3980 683 4057 oppositionem
699 3977 751 4066 vad
779 3978 876 4057 ipsum
898 3975 1004 4046 Deum,
1024 3977 1090 4036 loco
1118 3978 1281 4065 affectuum,

85 4080 268 4154 adorationis,
284 4079 460 4157 gratitudinis
476 4078 505 4136 du
520 4072 634 4135 a'moris.
1055 4122 1061 4150 .-
1305 4140 1311 4147 ,

75 4192 77 4199 ’
124 4182 173 4234 42.
196 4177 264 4235 Sola
278 4178 367 4253 gratia
380 4172 594 4259 Christiggddit
604 4157 864 4253 hominem'aptum
878 4170 913 4230 ad
927 4173 1098 4253 sacrificium
1110 4174 1198 4246 fidei3
1218 4176 1282 4237 sine
1350 4170 1356 4193 ³

85 4274 141 4335 boc
155 4272 238 4340 nihil,
253 4273 308 4330 nisi
323 4272 471 4349 impuritas
482 4244 588 4340 sitibit,
599 4269 664 4328 nisi«
673 4268 837 4347 indignitas.
1112 4312 1116 4323 .
1294 4290 1310 4339 q·

123 4373 172 4428 43.
196 4369 311 4428 Primus
324 4367 444 4427 effectus
456 4340 559 4446 gratid
567 4365 744 4444 baptismalis
759 4375 803 4424 est
816 4365 919 4436 lacere,
934 4376 963 4425 ut
977 4365 1132 4426 moriamur
1143 4379 1283 4447 peccator
