2730 5018
79 253 135 309 ιη
307 253 364 315 uu
385 250 635 317 orvrunrrn
658 229 848 320 suminus
869 237 1055 321 sinon·
1174 218 1177 247 ¹

76 416 202 466 nostram
216 428 281 469 esse
293 420 360 473 oum
375 412 483 488 Spiritu
498 413 614 481 Sancto,
629 414 703 472 siout
717 433 782 472 oum
797 416 881 474 Patro
895 425 924 474 et
937 416 1023 485 Filio,
1033 417 1175 489 liquetex
1192 409 1280 474 Pauli

76 499 261 579 salutatione:
284 516 304 543 ‘⁰
315 506 415 564 Gratia
428 507 546 565 Domini
562 509 652 565 nostri
665 508 737 565 Jesu
752 508 873 576 Christi,
890 521 918 568 et
931 511 1054 568 charitas
1068 511 1136 577 Dei,
1150 520 1183 568 ot
1198 528 1280 568 oom-

76 600 231 660 tutuioatio
245 603 347 661 Sancti
362 604 486 680 Spiritus
501 604 539 660 sit
552 622 618 661 eum
633 604 766 662 omnibus
781 605 910 663 vohis,”'
930 607 1154 681 “Nequaquam
1170 606 1282 670 sooios,

80 703 111 751 et
121 697 274 774 participes
286 698 506 768 ereaturarum,’'
517 700 701 783 jureoptimo
712 701 906 760 animadvertit
915 702 1044 779 Oyrillus
1053 701 1282 767 Alexandrinus,

78 797 98 827 ‘¹
107 794 223 868 rogabat
237 795 298 852 fieri
314 813 374 862 eos,
385 796 440 871 *qui
454 795 705 861 credideramus
721 797 814 873 potius
828 798 1044 874 participatione
1055 798 1160 857 divium
1173 808 1281 854 uaturoe

77 888 296 947 sanctificari.”⁸
335 889 452 950 Fideles
466 891 496 948 in
511 890 621 967 Spiritu
636 891 742 949 Sancto
761 909 886 960 manere,
901 893 1054 970 ipsumque
1074 894 1105 951 iu
1125 894 1173 960 iis,
1190 892 1281 950 veluti

78 980 108 1037 in
119 984 238 1058 templo,
247 985 519 1060 hab’uare,pluribus
534 986 666 1060 probatur
677 986 865 1044 testimoniis:
888 988 1027 1060 “Siquis
1039 999 1132 1046 eutem
1145 988 1280 1063 spiritum

79 1075 191 1152 Christi
205 1098 263 1138 non
285 1081 443 1149 habau-hio
458 1099 515 1140 non
530 1092 574 1137 est
585 1081 703 1156 ejusss'f
737 1081 898 1140 “Chan'tas
919 1083 976 1141 Dei
989 1082 1093 1141 diffusa
1107 1081 1152 1140 est
1166 1084 1197 1141 in
1218 1100 1283 1141 oor·

79 1173 161 1232 dibus
176 1177 281 1234 uostris
295 1178 495 1254 perspiritum
510 1178 647 1235 Sanctum
662 1178 711 1250 qui
732 1177 814 1235 datus
837 1191 881 1236 est
894 1179 1023 1237 nobis0”³
1063 1181 1282 1252 “Quicumque

83 1271 160 1329 enim
176 1273 276 1348 spiritu
301 1272 357 1330 Dei
372 1285 501 1349 aguntur,
516 1272 546 1329 hi
561 1285 627 1329 sunt
640 1273 694 1330 filii
713 1273 815 1332 Dei.’'⁶
856 1275 952 1342 Quod,
969 1276 1001 1334 in
1015 1276 1207 1352 Apocalypsi,
1222 1274 1279 1333 Dei

82 1362 186 1436 Patris,
216 1381 245 1427 st
265 1367 335 1428 Jesu
364 1369 474 1427 Christi
497 1369 587 1446 glorie
607 1370 748 1446 Apostolo
772 1370 900 1428 exhibita
917 1372 967 1440 sit,
980 1390 1138 1430 eonsonum
1163 1372 1218 1430 fuit
1238 1371 1282 1429 dte

81 1464 149 1523 vino
171 1465 292 1524 oonsilio
316 1465 461 1544 pandendi
482 1484 546 1539 quae
571 1485 712 1524 erumnas
736 1466 847 1525 Christi
860 1477 889 1525 et
912 1480 1067 1545 martyrum
1094 1477 1194 1526 secuta
1212 1478 1297 1535 suut,

77 1562 217 1639 premia,
240 1561 291 1619 sed
306 1561 377 1620 nihil
391 1562 512 1621 detrahit
525 1561 649 1638 Spiritus
671 1562 770 1620 Sancti
792 1564 936 1640 majestati
949 1574 982 1622 et
1000 1565 1108 1641 gloriar,
1130 1581 1198 1638 quae
1219 1564 1279 1640 ipsi

79 1677 144 1717 oum
161 1658 249 1733 Patre
259 1669 287 1717 et
300 1659 376 1717 Filio
390 1670 435 1717 est
446 1659 619 1718 eommunis.

119 1758 169 1817 80.
194 1754 260 1833 obj.
276 1760 305 1812 5.
328 1764 348 1792 ‘⁶
361 1754 496 1813 Christus
509 1755 620 1826 inquit:
637 1754 735 1812 Nemo
748 1756 828 1813 novit
843 1755 950 1814 Filium
964 1755 1021 1814 nisi
1032 1755 1135 1823 Paterr
1150 1764 1181 1813 ot
1192 1773 1280 1814 nemo

77 1852 161 1921 ,novit
174 1851 290 1910 Patrem
303 1853 360 1910 nisi
374 1851 488 1910 Filius!
520 1851 612 1910 Malta.
623 1851 663 1924 xi.
678 1856 728 1909 27.
751 1883 754 1891 =
771 1851 834 1910 Cur
847 1871 914 1910 vero
928 1852 1042 1910 Patrem
1055 1839 1086 1908 et
1099 1852 1206 1910 Filium
1222 1853 1279 1910 uhu

36 2007 44 2018 ,
81 1948 162 2008 novit
177 1948 263 2012 etiam
278 1948 402 2027 Spiritus
423 1949 554 2017 Sanctus,
572 1947 598 2005 si
611 1956 656 2006 est
676 1966 791 2021 quoque
812 1961 936 2025 persona
955 1965 1098 2024 supremus
1119 1943 1278 2006 Deitatis?

79 2044 124 2102 Ita
137 2044 356 2124 Wolzogouius.

120 2145 170 2199 81.
191 2139 281 2219 Resp.
304 2141 461 2218 “Spiritus
475 2143 573 2201 omnia
585 2151 727 2202 serutatur
738 2142 824 2199 etiam
838 2140 978 2216 profunda
991 2139 1084 2198 Dei.”
1110 2140 1180 2198 Nou
1194 2139 1282 2216 igitur¹

81 2237 178 2296 divina
201 2255 324 2315 persona
344 2237 513 2305 excluditur,
534 2237 586 2296 sed
606 2249 733 2297 ereatura
753 2241 951 2310 quaeoumque.
993 2234 1139 2308 Equidem
1160 2234 1286 2311 Spiritui

81 2334 188 2393 Sanoto
202 2333 493 2411 passim'adsorihitur
505 2335 640 2393 revelatio
654 2343 732 2400 tota3
753 2351 840 2405 quam
859 2343 955 2390 tamen
976 2331 1068 2390 Filius
1089 2331 1154 2390 loeo
1167 2331 1284 2408 objeoto
1303 2412 1306 2417 4

79 2430 137 2490 sihi
151 2429 287 2497 vindioau
300 2449 357 2489 non
372 2432 471 2503 utique
484 2442 516 2489 ut
528 2431 661 2489 excludat
674 2431 813 2507 Spiritum
827 2429 974 2495 Sanctum,
990 2428 1036 2486 vol
1051 2428 1177 2487 Patrem.
1264 2430 1279 2494 J
1302 2468 1308 2482 ,

123 2530 171 2583 82.
199 2523 267 2602 obj.
283 2528 312 2581 6.
333 2520 459 2580 Orellius
473 2523 503 2581 iu
517 2542 543 2581 o.
557 2523 617 2582 xvi.
629 2523 714 2581 Joau.
730 2527 822 2581 tas-1³.
837 2523 879 2580 sio
892 2523 1094 2581 ratiocinatur:
1117 2532 1137 2560 ‘⁸
1149 2521 1283 2599 Negatur

81 2619 130 2678 hio
144 2617 284 2696 Spiritum
305 2616 447 2684 Sauetum
468 2617 651 2690 loquuturum
673 2637 691 2674 a
710 2617 887 2693 semetipsos
908 2627 1007 2685 sonna
1030 2614 1198 2684 affirmatur,
1212 2633 1282 2674 oum

82 2734 146 2790 quar
160 2715 280 2774 audierit
301 2713 496 2787 loquuturum,
511 2713 589 2771 etde
603 2712 729 2786 eoquod
744 2713 854 2771 Christi
875 2713 913 2770 sit
933 2720 1125 2789 accepturum.
1149 2746 1158 2770 .
1179 2754 1188 2770 .
1213 2752 1221 2769 .
1242 2715 1285 2770 At

85 2812 167 2872 Deus
182 2811 229 2869 ille
250 2828 379 2868 summus
400 2809 539 2882 quidquid
560 2809 693 2881 loquitur,
708 2829 725 2866 a
739 2808 895 2884 semetipso
907 2807 1041 2880 loquitur,
1056 2818 1086 2865 et
1098 2809 1134 2866 ob
1156 2806 1285 2884 idipsum

83 2928 171 2967 verax
185 2918 229 2966 est
252 2907 320 2981 quia
339 2925 356 2964 a
375 2905 532 2981 semetipso
555 2904 690 2976 loquitur.
732 2904 802 2962 Non
823 2903 1010 2961 auditorium
1033 2903 1093 2971 ille,
1108 2903 1177 2976 qui'd
1200 2903 1284 2976 loqui

84 3005 263 3071 debeat,neo
276 3002 361 3078 legati
381 3001 518 3058 iustarab
539 2993 595 3057 alio
610 3000 765 3056 instruitur.
809 2999 860 3058 Nil
881 3000 985 3075 accipit
1005 2998 1053 3057 ille
1074 3019 1092 3056 a
1112 3016 1289 3072 quoquam-a

82 3102 179 3158 immo
187 3098 225 3154 de
237 3116 290 3155 suo
303 3096 436 3154 omuibus
451 3095 576 3170 largitur.
618 3093 686 3151 Non
708 3094 878 3169 glorificavit
891 3095 917 3151 is
939 3094 1101 3162 Christum,
1116 3094 1225 3167 aliquid
1247 3096 1287 3152 ab

84 3215 119 3254 eo
134 3192 310 3270 accipiendo,
326 3191 377 3249 sed
391 3192 419 3248 ei
432 3190 534 3248 dando.
577 3189 730 3256 Quomodo
749 3208 817 3267 ergo
840 3191 963 3268 Spiritus
986 3191 1109 3249 Sanetus
1131 3191 1213 3249 Deus
1234 3191 1288 3250 ille

85 3307 217 3348 summus
232 3286 332 3344 estl’¹⁷
1064 3338 1075 3352 ,

128 3392 179 3446 88.
202 3385 291 3462 Resp.
326 3382 480 3467 Processiq
507 3401 693 3459 personarum
718 3394 748 3440 et
770 3393 876 3441 nature
903 3383 995 3440 unitas
1020 3404 1038 3440 a
1062 3383 1180 3442 Christo
1208 3383 1288 3460 apud
1316 3369 1322 3382 ¹

87 3486 228 3544 loannem
243 3480 411 3539 iudicantur.
434 3488 454 3516 ‘⁸
464 3479 533 3537 Nou
548 3479 625 3536 enim
646 3477 771 3550 loquitur
785 3497 801 3535 a
814 3496 856 3545 se,
872 3477 929 3535 hoo
948 3488 1001 3545 est,
1018 3498 1075 3536 non
1088 3480 1153 3536 sine
1171 3497 1236 3536 mea
1257 3490 1288 3536 et
1321 3515 1326 3532 .

89 3581 181 3641 Patris
196 3577 407 3637 communione.
450 3575 554 3648 Neque
575 3575 652 3633 enim
673 3575 783 3632 divisus
805 3593 838 3631 ao
852 3585 998 3650 separatus
1018 3586 1063 3632 est
1083 3574 1218 3651 Spiritus,
1233 3575 1290 3631 sed

89 3697 152 3753 quoe
167 3675 246 3735 audit
257 3674 400 3749 loquiturt
416 3673 494 3732 audit
506 3672 637 3730 videlieet
651 3689 703 3750 per
717 3671 851 3729 unitatem
864 3671 1039 3741 substantie,
1053 3680 1083 3729 et·
1094 3690 1147 3750 per
1159 3672 1291 3755 proprio*

189 3925 227 3986 (l)
246 3923 301 3973 Aet.
312 3922 363 3972 xix.
375 3925 399 3970 2.

188 4011 225 4068 (2)
243 4006 275 4057 ΙΙ.
287 4006 344 4056 Cor.
355 4005 399 4054 xiii
414 4005 452 4053 13.

191 4091 233 4155 (³)
253 4087 327 4137 Liber
338 4087 404 4150 quod
415 4084 520 4150 Spiritus
532 4083 639 4133 Sanctus
651 4081 683 4130 sit
695 4080 771 4137 Deus,
783 4094 807 4144 p.
823 4077 880 4129 331.
892 4085 952 4128 tom.
962 4078 995 4129 tr.
1005 4077 1042 4128 ed.
1055 4075 1132 4127 Paris.
1146 4074 1223 4128 1604.

190 4175 228 4234 (4)
245 4173 317 4222 Rom.
328 4170 409 4220 villu.

192 4261 229 4320 (5)
246 4257 318 4306 Rom.
329 4271 352 4304 v.
365 4257 388 4302 5.

191 4345 229 4404 (6)
248 4341 318 4390 Rom.
329 4338 379 4389 viti.
393 4341 431 4386 15.

193 4430 231 4487 r't)
250 4424 325 4476 crull.
336 4425 352 4477 1.
363 4423 379 4476 i.
390 4422 417 4474 S.
429 4424 453 4476 8.
465 4437 489 4491 p.
501 4422 559 4472 469.
571 4420 611 4474 cit
624 4435 637 4473 a
650 4417 750 4472 Petuvio
762 4417 777 4467 l.
788 4417 822 4471 ii'u
833 4417 863 4467 de
874 4409 965 4469 Triuit.
975 4431 997 4467 o.
1008 4413 1084 4476 11116
1097 4413 1113 4466 1·
