2744 5024
309 70 369 180 nn
388 118 577 181 unuani
597 120 726 182 venor
747 120 1070 185 unmanamonn.
1252 118 1309 188 n·

103 294 106 303 ·
134 277 463 339 mordiciiodicentiom:
486 279 539 338 ‘Si
552 297 622 357 ergo
642 288 711 339 tunc
725 288 807 339 natus
828 291 883 350 est,
896 300 953 341 non
973 292 1035 343 erat
1052 293 1118 342 ante
1131 283 1290 343 Christus’
1343 338 1347 351 ,

133 374 278 435 nnuma·
304 377 395 446 enim,
418 377 486 451 quia
511 394 571 436 non
598 390 665 435 tune
693 379 782 455 coepit
810 378 903 437 Filius
936 378 993 438 Dei
1015 381 1142 440 existens
1175 399 1292 459 semper

128 472 311 549 rprdPatrem3
333 473 385 533 sed
399 472 514 548 qnando
536 475 697 534 incarnatus
713 485 768 543 est,
781 486 810 534 et
835 477 923 536 homo
945 476 1049 546 sactus,
1061 478 1176 556 longam
1197 479 1290 537 homi·

124 586 172 629 mn
187 571 391 647 expositionem
412 572 443 630 in
463 573 560 650 seipso
580 573 802 650 recapitulavit*
823 574 853 632 in
874 574 1045 651 compendio
1066 576 1149 634 nobis
1169 576 1291 636 salntem

122 675 236 743 mus,
251 676 284 726 ut
304 667 382 740 quod
395 667 609 746 perdideramus
624 670 654 727 in
674 669 779 737 Adam,
793 669 822 728 id
843 679 898 736 est,
912 671 1073 730 secundum
1087 671 1242 748 imaginem
1263 681 1293 729 st

120 760 307 821 militudinem
320 781 387 822 esse
401 763 467 831 Dei,
479 764 536 823 hoo
551 765 580 823 in
595 763 714 823 Christo
728 765 799 823 Jesu
815 765 1061 841 reciperemus.”¹
1099 766 1193 825 Totus
1212 767 1242 824 in
1255 783 1292 826 eo

119 867 148 917 ot
161 859 290 927 hsnaeus,
304 869 337 918 ut
359 859 491 918 ostendat
511 859 723 920 distinctionem
744 863 819 919 inter
835 860 963 920 Verbum
987 872 1017 919 et
1036 861 1149 930 Jesum,
1169 861 1285 934 qualem

118 957 249 1015 nnebant
272 957 419 1026 Gnostici,
434 969 494 1016 uon
514 957 681 1025 subsistere,
696 957 748 1016 sed
772 958 902 1016 Verbum
924 958 1071 1016 hominem
1095 957 1210 1026 lactum,
1225 975 1291 1017 esse

74 1082 77 1095 =
118 1047 238 1110 Christum
250 1051 365 1120 Jesum,
378 1053 437 1126 qui,
453 1071 510 1126 qua
523 1053 662 1122 Verbum,
676 1053 768 1112 Filius
783 1063 828 1113 est
841 1054 898 1112 Dei
912 1054 1087 1132 unigenitus,
1102 1066 1167 1112 ante
1177 1053 1292 1124 secula,

117 1163 259 1223 unperque
272 1147 350 1224 apud
371 1148 498 1208 Patrem.

120 1230 124 1237 ¹
143 1246 180 1301 14.
198 1245 436 1304 Tsnrunnrauns
458 1245 545 1305 fidem
572 1264 658 1319 quam
681 1247 711 1306 in
735 1248 870 1308 Ecclesia
889 1246 925 1306 ‹le
952 1245 1070 1307 Christo
1093 1246 1239 1316 didicerat,
1260 1252 1292 1308 st

116 1322 272 1417 quam'apud
296 1342 488 1400 Montanistas
510 1343 636 1410 retinuit,
652 1344 694 1402 sic
715 1345 852 1421 exponit:
876 1354 896 1382 ‘⁶
908 1345 973 1402 Nos
988 1345 1054 1403 reru
1076 1354 1105 1402 ct
1124 1363 1241 1422 semper
1260 1355 1291 1402 et

114 1451 168 1493 nune
185 1436 286 1514 magis,
301 1446 334 1494 ut
353 1435 547 1496 instructiores
570 1456 627 1515 per·
646 1438 837 1508 Paracletum,
858 1440 1041 1498 deductorem
1066 1440 1175 1498 scilicet
1195 1440 1290 1498 omnis

114 1533 222 1602 tenutis,
236 1533 354 1593 unicum
369 1534 485 1608 quidem
500 1538 596 1594 Deum
611 1536 754 1593 credimus
769 1557 776 1594 ι
803 1538 858 1595 sub
878 1538 933 1595 hac
947 1548 1043 1595 tamen
1063 1536 1289 1614 dispensatione,

83 1687 85 1690 ,
115 1646 177 1700 quam
190 1614 379 1690 oeconomiam
393 1632 526 1700 dicimus,
541 1643 572 1691 ut
586 1633 664 1690 unici
680 1633 737 1690 Dei
752 1633 790 1691 sit
809 1643 838 1691 at
858 1634 933 1691 filius
950 1652 1046 1692 sermo
1061 1634 1164 1710 ipsius,
1179 1635 1231 1706 qui
1253 1652 1290 1693 ex

114 1708 161 1799 ipso
171 1729 350 1803 processerit,
361 1745 413 1804 per
425 1734 511 1801 quem
523 1729 621 1786 omnia
635 1727 707 1786 iacta
719 1736 795 1795 sunt,
807 1735 837 1785 et
849 1728 912 1785 sine
925 1747 982 1800 quo
996 1728 1102 1785 sactum
1115 1737 1160 1785 est
1173 1728 1292 1786 nihil.''⁸

114 1817 139 1876 ln
152 1821 336 1901 Apologetico
349 1842 437 1896 quem
447 1824 563 1905 scripsit
574 1823 667 1882 adhue
679 1823 847 1881 Catholicae
859 1843 867 1880 ε
891 1832 911 1860 ‘⁴
921 1823 1011 1881 Hunc
1020 1842 1057 1882 ex
1070 1823 1134 1881 Deo
1148 1823 1291 1900 prolatum
1325 1818 1328 1825 ’

116 1914 253 1987 luicimus,
268 1928 298 1978 et
310 1919 468 2012 prolatione
483 1929 659 2009 3⁰¹¹th
677 1918 826 1993 etidcirco
840 1920 932 1979 lilium
947 1919 1014 1987 Dei,
1029 1930 1057 1977 et
1071 1919 1166 1979 Deum
1181 1918 1289 1981 dietum

115 2025 142 2069 ox
151 2013 246 2072 unitate
260 2013 436 2082 substantioe,
450 2033 517 2073 nam
531 2023 561 2073 et
573 2014 655 2073 Deus
676 2015 813 2091 spiritus:
836 2026 863 2073 ct
877 2034 943 2074 oum
964 2015 1059 2074 radius
1073 2033 1110 2074 ex
1124 2016 1186 2074 sole
1200 2017 1290 2093 porri·
1342 2084 1345 2089 ,

115 2105 341 2201 situnpoLu'pjx
355 2128 487 2178 summu
510 2109 562 2168 sed
585 2109 739 2192 ⁸⁰¹,Efjlll1
759 2110 850 2187 radio,
872 2113 939 2184 quia
952 2112 1213 2197 ”EQ-iflffllma
1235 2131 1289 2172 nec
1334 2096 1347 2149 ³³

114 2213 233 2277 sepmnr
252 2182 498 2283 substs'iriffisssed
518 2206 698 2266 extenditur:
727 2208 767 2264 ita
788 2207 823 2265 de
841 2196 951 2285 Spiritu
965 2192 1100 2285 Spiritus,
1115 2218 1144 2266 et
1165 2208 1201 2266 de
1223 2199 1289 2269 Deo
1321 2220 1328 2281 t

106 2293 183 2393 pens,
195 2303 311 2363 modulo
326 2302 424 2373 altero,
438 2323 497 2363 non
513 2323 643 2391 numero,
658 2303 745 2382 gradu
760 2324 818 2363 non
832 2315 905 2364 statu
927 2306 1004 2373 iecit,
1018 2316 1079 2363 eta
1098 2307 1214 2364 matrice
1228 2324 1287 2367 non
1320 2288 1326 2402 i

114 2397 216 2466 tteesrit,
228 2398 280 2456 sed
292 2397 466 2456 excessit.”⁴
504 2399 570 2457 Etsi
584 2400 810 2475 comparationes
825 2399 967 2467 deficiant,
982 2418 1035 2457 nec
1049 2398 1127 2457 enim
1141 2400 1172 2457 in
1192 2418 1288 2462 rerum

113 2495 189 2548 tetum
200 2491 303 2550 divinae
316 2492 449 2551 essentis
463 2493 588 2570 perfecta
601 2494 720 2552 habetur
732 2493 890 2553 similitudo
902 2512 910 2562 ;
931 2511 1034 2551 sensus
1050 2502 1145 2552 tamen
1159 2492 1301 2553 esthon·-

114 2594 153 2638 Μ
168 2587 254 2645 verbis
278 2587 446 2646 tribuendus
465 2597 518 2657 est,
534 2606 600 2648 nam
622 2598 748 2648 mentem
769 2605 861 2656 suant,
876 2586 977 2646 eadem
999 2586 1124 2651 adhibita
1148 2588 1286 2664 imagine,

114 2673 169 2738 ultre
187 2684 312 2762 explicat
334 2685 364 2742 in
382 2685 549 2761 jameitato
568 2686 652 2744 libro.
695 2685 846 2762 Objccerat
861 2685 997 2752 Praxeas,
1019 2694 1051 2741 ut
1070 2682 1304 2747 distinctionem·

113 2784 272 2844 pesonarum
286 2781 420 2850 elevaret,
441 2782 538 2858 plures
552 2781 622 2841 daos
644 2781 792 2848 dicendos,
808 2781 833 2839 si
855 2779 947 2838 Filius
968 2790 997 2840 et
1017 2780 1141 2856 Spiritus
1163 2781 1286 2843 Sanetus

112 2874 205 2935 unire
227 2878 282 2958 illo⁵
303 2877 504 2955 dignarentur3
535 2879 684 2955 respondit
710 2877 906 2936 Tertullianus
922 2895 989 2935 >non
1016 2876 1113 2954 plures
1137 2875 1286 2948 dicendos,

111 2969 440 3056 limeisp'nnu'squisque,
454 2973 481 3031 si
495 2973 574 3032 solus
588 2974 761 3041 nominetur,
773 2973 853 3031 Deus
865 2970 1009 3032 vocandus
1019 2973 1076 3031 sit:
1096 2982 1116 3011 ‘⁶
1130 2972 1286 3045 Caeterum,
1328 3006 1338 3027 0

108 3054 168 3124 ¹5⁰1
180 3070 354 3129 conscicntia
366 3088 424 3143 qua
436 3070 544 3128 scimus
565 3070 622 3129 Dei
636 3086 751 3145 nornen,
766 3080 795 3127 et
815 3069 945 3137 Domini,
960 3081 989 3127 et
1009 3068 1098 3139 Patri,
1112 3079 1142 3128 et
1156 3068 1242 3140 Filio,
1257 3079 1287 3130 et

104 3148 208 3228 ⁸tintui
229 3164 393 3234 convenire,
414 3164 484 3226 deos
505 3175 535 3225 et
554 3165 686 3225 dominos
710 3165 935 3233 nominaremus,
961 3167 1187 3225 extinxissemus
1208 3166 1285 3226 faces

98 3256 198 3320 ¹⁰⁸tras
222 3261 309 3320 etiam
331 3260 367 3320 ad
393 3261 528 3338 martyria
553 3260 722 3329 timidiores,
744 3261 847 3334 quibus
872 3260 1012 3320 evadendi
1036 3279 1151 3335 quoque
1176 3271 1286 3338 pateret

92 3342 212 3425 oetQuiri,
223 3356 383 3436 jurantibus
394 3357 489 3413 statim
504 3375 556 3432 per
569 3355 639 3415 deos
649 3364 679 3414 et
688 3355 832 3423 dominos,
844 3365 875 3413 ut
885 3355 1002 3428 quidam
1015 3355 1152 3421 haretici,
1163 3374 1286 3428 quorum

86 3425 119 3492 ἢ
134 3454 248 3526 plures.
289 3452 390 3526 Itaque
403 3451 472 3510 deos
487 3453 605 3511 omnino
619 3471 676 3511 non
691 3451 794 3520 dicam,
810 3470 863 3509 nec
875 3450 1026 3521 dominos3
1041 3449 1092 3507 sed
1113 3452 1286 3526 Apostolum

78 3536 201 3617 ”quan
215 3557 248 3606 nt
261 3548 287 3605 si
301 3547 406 3623 pariter
419 3547 584 3623 nominandi
598 3547 703 3606 luerint
723 3548 807 3605 Pater
820 3556 849 3604 et
867 3546 971 3625 Filius,
993 3542 1089 3603 Deum
1109 3540 1287 3626 Patrem'ap-
1339 3565 1342 3569 ·

69 3622 204 3714 Pollem,
218 3654 248 3702 et
259 3644 360 3705 lesum
375 3643 523 3703 Christum
537 3644 696 3729 Dominum
711 3644 892 3702 nominem)
910 3643 1010 3702 Solum
1026 3651 1126 3702 autem
1135 3641 1286 3704 Christum

61 3723 187 3813 ,Mero
201 3722 297 3799 Deum
311 3739 416 3810 dicere,
430 3741 505 3799 sicut
518 3739 594 3799 idem
609 3740 783 3817 Apostolus:
806 3748 814 3775 ⁴
827 3739 876 3798 Ex
890 3739 993 3811 quibus
1009 3737 1154 3808 Christus,
1169 3741 1217 3814 qui
1230 3748 1285 3810 est,
1331 3802 1336 3813 ¹

61 3816 191 3906 ¹nquit,
206 3835 288 3894 Dens
310 3853 397 3913 super
411 3835 508 3895 omnis
521 3835 688 3895 benedictus
711 3835 847 3893 interum
869 3832 983 3892 omnel’
1024 3833 1101 3892 Nam
1121 3843 1151 3892 et
1174 3834 1284 3894 radium
1329 3834 1334 3905 ²,

61 3908 156 3990 Νὴ
170 3931 263 3991 solem
278 3931 399 3993 seorsim
412 3932 540 4000 rocabo;
563 3932 655 3990 solem
669 3941 764 3991 autem
777 3930 930 3990 nominans
944 3930 1026 4008 cujus
1040 3941 1085 3989 est
1104 3916 1286 3999 radiussii'on
1330 3928 1335 3991 l

104 4329 160 4396 (8)
178 4334 208 4387 1..
219 4337 273 4388 adr.
284 4336 405 4389 Praxsam
415 4338 491 4405 poulo
500 4343 558 4406 post
567 4336 675 4391 initium

111 4417 161 4484 (4)
178 4421 378 4490 Αιοῑοιιωιι
421 4473 456 4493 „
