2730 5018
456 113 513 174 DE
534 111 706 172 GRATIAE
728 110 1032 172 NECESSITATE.
1283 116 1344 173 275

27 292 41 333 Ἰ
166 268 328 351 Apostolus:
351 268 490 329 “Omnia
515 267 623 329 munda
646 267 772 337 mundis,
799 268 990 342 coinquinatis
1013 278 1107 327 antem
1132 279 1161 327 et
1183 268 1345 326 infidelibus

168 366 224 427 adn
242 375 288 424 est
309 364 460 433 mundum,
475 365 526 424 sed
550 364 702 438 inquinatos
724 373 791 422 sunt
810 382 908 423 eorum
929 375 958 424 et
977 384 1059 424 mens
1080 375 1108 424 et
1127 364 1346 424 conscientia.”²

170 460 220 522 lloc
229 470 325 519 tamen
336 461 493 520 universim
499 457 607 518 dictum
618 458 832 536 intelligendum
845 470 898 528 est,
908 459 984 533 quod
995 461 1068 518 nihil
1081 470 1126 518 est
1135 479 1193 534 quo
1203 458 1344 527 infideles,

171 552 338 633 poenique
360 552 504 622 homiues,
519 553 601 611 facile
615 554 691 610 abuti
712 571 771 611 non
788 553 922 610 valeant.¹
962 554 1041 612 Hinc
1061 555 1130 613 dicit
1149 555 1274 621 Bertius,
1288 553 1347 610 Au·

158 1222 488 1299 mesopotamosque
502 1221 598 1296 aliquo
611 1220 669 1279 Dei
681 1222 789 1280 auxilio
803 1223 1036 1299 supernaturali.⁴

80 1348 100 1403 ³.-
196 1318 244 1375 oo.
265 1316 366 1375 Gratia
379 1316 550 1377 maauaie
563 1314 717 1391 aliquando
730 1315 894 1395 designatur
908 1316 1036 1376 divinum
1050 1317 1120 1377 illud
1140 1316 1278 1376 auxilium
1292 1334 1351 1390 quo

22 1427 79 1487 12·
97 1402 103 1409 ’
162 1408 329 1491 indigemus,
344 1422 378 1471 ιιι
389 1423 469 1472 acbrs
483 1412 519 1471 ad
532 1414 653 1473 salutem
668 1412 813 1491 dirigatur,
827 1424 857 1471 et
870 1414 908 1472 ita
921 1413 957 1472 sd
967 1414 1096 1474 ordinem
1108 1413 1351 1491 supernaturalem

10 1524 84 1588 nih.
166 1504 545 1567 demonstrauimus
572 1517 666 1566 autem
695 1519 811 1566 vocatur
836 1508 935 1585 gratia
964 1517 1103 1581 quatenus
1131 1509 1251 1576 vulneri,
1273 1506 1352 1581 qnod

10 1629 101 1681 ama
169 1612 274 1679 peccato
294 1603 381 1681 primi
400 1602 526 1663 bominis
547 1622 639 1682 genus
659 1605 770 1681 accepit
789 1604 956 1672 humanum,
969 1604 1107 1673 medetur,
1122 1605 1251 1663 infirmas
1272 1621 1353 1681 repa·

208 1794 250 1850 ιι.
270 1792 315 1850 Ad
328 1792 422 1871 legem
436 1793 591 1853 naturalem
606 1793 772 1852 servandam
788 1792 947 1871 physicum
960 1793 1099 1853 habemus
1114 1796 1281 1872 potentiam,
1295 1812 1351 1853 nec

10 1894 111 1968 ⁰²3ss
181 1886 343 1946 cuinullum
364 1887 446 1947 datur
468 1899 641 1966 preceptum
656 1909 673 1947 a
687 1889 761 1957 Deo,
783 1898 888 1946 natura
903 1900 1026 1959 auctore,
1041 1890 1120 1963 quod
1141 1892 1216 1951 vires
1236 1891 1355 1950 omuino

180 1991 285 2059 superet.
327 1981 471 2043 Ooetmum
484 1982 608 2043 morulis
622 1985 748 2061 potentia
762 1983 862 2042 deesse
876 1983 996 2054 videtur,
1011 1986 1122 2058 quoties
1144 1987 1238 2063 gravis
1258 1985 1356 2045 admo·

10 2062 93 2141 *5⁹⁴2
110 2130 113 2137 .
181 2076 236 2137 dun
248 2068 327 2157 srpet
340 2079 467 2149 tentatio,
481 2099 547 2140 nam
562 2099 600 2139 ex
613 2090 718 2139 natnrae
731 2081 819 2157 lapsae
840 2080 1002 2140 conditione
1023 2082 1100 2140 litut
1120 2082 1202 2141 facile
1216 2083 1355 2142 labamur.

10 2168 81 2233 'fla
179 2169 237 2231 ldsc
248 2173 402 2250 Apostolus
423 2172 592 2235 libidinis
566 2194 639 2234 vires
655 2176 684 2234 ιιι
705 2176 838 2234 homines
860 2176 950 2252 gratia
970 2174 1046 2234 haud
1065 2189 1179 2235 renatos
1202 2177 1356 2236 describit:

179 2268 274 2331 “Cum
296 2272 376 2331 enim
397 2290 528 2333 essemm
549 2273 580 2332 in
602 2291 696 2341 carne,
717 2273 866 2349 passiones
888 2282 1079 2350 peccatorum,
1101 2292 1164 2346 quae
1188 2293 1240 2350 per
1263 2274 1357 2351 legem

10 2366 55 2431 h
174 2375 255 2435 erant,
267 2368 457 2445 operabantur
469 2370 500 2428 in
514 2369 650 2429 membris
665 2371 770 2428 nostris
784 2379 815 2426 ut
828 2370 1028 2427 fructificarent
1042 2370 1173 2428 ιιιοι·ιι.”ὅ
1214 2371 1244 2427 N
1246 2389 1279 2427 ec
1292 2370 1358 2428 ideo

170 2462 326 2520 securitati
339 2463 531 2540 subjacemus,
546 2482 636 2538 quum
649 2464 787 2522 auxilium
801 2464 908 2541 petenti
931 2482 990 2521 non
1009 2463 1173 2540 denegetur,
1188 2473 1217 2521 et
1230 2473 1261 2521 ut
1281 2475 1359 2540 pets·

168 2567 234 2615 mus
244 2576 418 2617 moveamur.
459 2568 479 2596 ⁴⁸
489 2558 524 2619 ln
537 2559 593 2618 hoc
607 2578 697 2637 agone
711 2577 777 2617 cunr
791 2559 962 2627 laboramus,
978 2558 1073 2616 Deum
1088 2558 1235 2635 poscimus
1251 2558 1360 2634 adjuto·

170 2664 245 2713 rem:
265 2654 292 2712 si
305 2655 395 2735 enim'
408 2674 461 2714 uos
482 2656 545 2733 ipse
559 2675 616 2716 non
640 2655 763 2733 adjurat,
778 2674 836 2714 non
857 2654 921 2714 dico
941 2655 1064 2728 vincere,
1085 2653 1135 2711 sed
1158 2672 1212 2712 nec
1232 2673 1359 2732 pugnare

171 2748 430 2819 menarum—⁴⁶
440 2750 579 2825 Quisquis
598 2760 683 2828 negat
706 2768 759 2808 nos
774 2768 853 2809 orare
874 2748 986 2819 debere,
1003 2767 1040 2807 ne
1060 2748 1199 2807 intremus
1219 2751 1251 2808 in
1272 2758 1360 2809 tenta-

174 2838 283 2911 tionem,
299 2843 396 2923 (negat
408 2853 502 2905 autem
516 2845 572 2904 hoc
586 2845 636 2919 qui
649 2844 795 2903 contendit
807 2843 842 2902 ad
856 2862 915 2903 non
935 2842 1112 2920 peccandum
1126 2844 1224 2919 gratiae
1238 2844 1295 2903 Dei
1308 2842 1361 2919 ad·

91 2987 94 2991 .
174 2934 301 3011 interium
323 2958 383 2999 non
396 2956 461 2999 esse
484 2940 596 3001 bomini
619 2941 823 3008 necessarium,
838 2939 889 2997 sed
910 2941 971 2999 sola
990 2938 1054 3017 lege
1069 2949 1185 3018 accepta
1206 2941 1361 2999 humanam

177 3032 299 3093 sufficere
319 3034 507 3114 voluntatem)
528 3037 564 3096 ab
585 3037 700 3095 auribus
724 3036 853 3094 omnium
874 3022 1091 3104 remobendum,
1113 3045 1142 3093 et
1161 3053 1211 3094 ore
1232 3037 1361 3094 omnium

176 3130 464 3191 matbematizsndum
478 3147 543 3190 esse
557 3150 615 3191 non
629 3130 776 3190 dubito.”⁷
796 3130 839 3188 lta
852 3129 1050 3208 Augustinus:
1072 3130 1150 3204 quod
1163 3131 1323 3191 innocentii
1337 3131 1361 3190 1.

57 3254 65 3263 ·
172 3226 332 3285 anctoritate
346 3228 555 3304 comprobatur,
568 3226 684 3304 scripsit
697 3226 774 3285 enim
789 3225 826 3283 ad
846 3226 1000 3301 episcopos
1021 3227 1135 3284 concilii
1159 3226 1352 3303 carthaginen

170 3321 228 3381 sis:
249 3322 350 3381 “Nisi
363 3324 475 3400 magnis
488 3323 621 3400 precibus
634 3322 724 3399 gratia
737 3322 767 3380 in
780 3339 833 3379 nos
847 3321 997 3396 implorata
1016 3319 1170 3377 descendat
1183 3339 1363 3394 nequaquam

168 3426 287 3477 ansae
299 3416 373 3475 labis
386 3425 416 3475 et
428 3416 565 3477 mundani
577 3416 704 3494 corporis
720 3416 832 3475 vincere
846 3432 983 3473 conamur
995 3431 1115 3479 errores,
1131 3431 1197 3470 eum
1211 3431 1293 3490 pares
1308 3432 1362 3472 uos

169 3512 204 3573 ad
216 3512 421 3583 resistendum,
435 3532 494 3574 non
507 3514 628 3573 liberum
642 3512 797 3579 arbitrium,
812 3508 864 3569 sed
879 3510 935 3570 Dei
948 3509 1042 3569 solum
1062 3507 1158 3568 lacere
1177 3509 1270 3586 possit
1283 3510 1364 3569 auxi·

202 3736 392 3800 (smalto.

93 3846 97 3853 ·
205 3822 252 3888 (ι)
270 3820 489 3887 Vrdsmppol.

202 3908 249 3975 (ι)
267 3905 753 3973 Dei'bsoloricisdisa'plinwoldil.
770 3899 1358 3970 a1,ea,ernag.85rtvintie1tirsta”

167 3994 235 4056 Μ.

204 4078 246 4143 (4)
262 4074 719 4144 amenopncttntitvrndie.

205 4161 422 4225 (Μοιινιιιι.

205 4246 247 4307 (0)
263 4241 878 4309 Διφεοιηιιιιιιιιιιιιιὼιοιιιιιριιιοιι.

186 4325 567 4399 insumimus
598 4360 650 4399 ‚n
