2744 5024
392 251 452 315 nti
470 250 677 317 IUSTITlAE
699 254 1013 319 PERFEGTIONE.
1182 252 1185 258 ’
1246 259 1306 317 340

108 420 172 468 tum
196 409 352 469 tentatione
378 421 547 487 proventum
571 424 602 480 ut
621 413 737 491 possitis
765 411 1027 472 sustinere.”¹-Si
1051 419 1146 470 autem
1174 410 1309 471 mandata

110 496 200 565 iurent
212 517 325 566 serrato
339 507 538 583 impossibilia,
548 510 720 571 'tentaremur
733 529 820 588 supra
833 510 919 579 vires,
932 528 986 568 nec
1000 526 1154 588 possemus
1165 509 1307 570 sustinere

59 594 61 603 '
116 599 259 680 impetum,
274 603 372 662 divino
386 603 526 684 denegato
541 610 658 668 auxilio.
1066 605 1069 612 ’

149 697 302 761 Probutur
312 700 356 763 ΙΙ.
378 722 416 763 cs
428 700 584 764 Patribus.

130 791 131 794 ¹
150 800 219 855 8⁶2.
241 799 274 857 S.
290 799 429 858 Bssmus
445 800 489 858 Μ.
504 801 560 858 ait:
582 797 684 865 Ἀσεβὲς
700 801 726 854 ris
737 802 767 854 τὸ
783 799 862 870 timu
879 795 987 853 Moru
1003 799 1065 854 iwur
1082 815 1116 856 ro
1126 816 1156 855 rs
1173 816 1310 871 nurupuaeor

116 895 324 964 mmm·
347 918 350 923 ’
363 896 519 973 “impium
532 909 577 955 est
590 915 726 965 asserere,
741 906 884 974 precepta
897 894 1021 971 Spiritus
1035 897 1134 956 Sancti
1146 899 1311 976 impossibi-

111 995 151 1056 lia
162 1009 227 1049 esse
241 992 387 1051 servetu.⁹’
1149 1059 1155 1065 ,

97 1086 101 1091 ’
151 1092 219 1147 353.
241 1090 273 1148 S.
288 1089 544 1172 Gnnrsosrorsus:
565 1093 611 1160 Μ(
629 1087 708 1145 τοίων
725 1088 833 1144 mora
850 1090 912 1142 tosa
927 1085 1080 1158 νομέζομεης
1090 1089 1124 1145 ad
1141 1090 1309 1162 rnrrdypoaea.

60 1208 67 1218 '
108 1187 161 1238 ω
172 1184 215 1256 fi<
227 1202 292 1254 pura
302 1203 346 1240 Μ
358 1188 513 1256 antimo
525 1185 614 1257 σφοδρά
622 1191 674 1252 ἓςυν
684 1184 958 1257 iuramentum·
997 1195 1018 1222 ‘⁸
1028 1187 1075 1246 Ne
1098 1188 1183 1265 igitur
1203 1180 1312 1266 impos?

107 1283 204 1342 sibilia
218 1293 352 1360 putemus
365 1303 430 1343 esse
445 1296 595 1362 precepta,
611 1304 674 1359 quae
689 1297 764 1344 certe
778 1296 807 1344 et
826 1287 906 1345 utilia
919 1288 1003 1346 nobis
1021 1295 1100 1356 sunt,
1115 1295 1144 1345 et
1167 1286 1249 1346 valde
1270 1289 1310 1347 sa·

106 1378 186 1446 cilia,
199 1380 228 1436 si
240 1389 300 1438 tots
313 1381 411 1453 utique
427 1391 521 1439 mente
536 1380 722 1457 vigilemus.”

151 1479 220 1534 est.
243 1477 276 1534 S.
291 1478 484 1536 Aususrnuus
504 1475 540 1534 de
556 1478 643 1551 justis
668 1477 825 1552 presertim
846 1477 979 1550 loquens,
999 1477 1084 1536 dicit:
1107 1477 1230 1545 “Deus,
1244 1497 1311 1537 cum

115 1591 163 1649 per
175 1572 362 1632 mediatorem
383 1573 440 1631 Dei
460 1582 489 1631 et
502 1572 651 1631 hominum
668 1573 814 1631 homiuem
834 1573 936 1632 Josum
952 1574 1112 1642 Christum,
1127 1575 1312 1651 spiritualiter

111 1678 190 1727 sanat
201 1687 310 1745 aegrum
318 1668 365 1726 vel
376 1668 500 1726 vivificat
511 1679 663 1736 mortuum,
678 1668 771 1737 idest,
784 1670 922 1746 justificat
932 1670 1064 1746 impium,
1079 1681 1184 1729 etcum
1201 1670 1236 1728 ad
1247 1689 1313 1748 per·

113 1762 214 1822 festam
224 1765 384 1832 sanitatem,
399 1765 454 1822 hoe
469 1775 521 1831 est,
536 1765 572 1821 ad
587 1764 740 1841 perfectam
755 1767 840 1823 vitam
852 1766 1051 1842 justitiamque
1066 1765 1239 1841 perduxerit,
1252 1785 1312 1825 non

110 1862 226 1941 deserit,
239 1863 267 1920 si
281 1879 340 1920 uon
359 1862 515 1930 deseratur,
530 1874 562 1920 ut
584 1863 630 1938 pie
651 1881 766 1938 semper
782 1863 918 1938 justeque
933 1861 1170 1920 vitatur.'’⁴-Et
1191 1863 1310 1922 iterum:

76 1960 81 1965 '
109 1936 189 2017 ug,
200 1957 267 2034 ipso
278 1976 335 2030 quo
347 1957 511 2015 firmissime
520 1956 644 2015 ereditur
658 1957 752 2016 Deum
763 1948 874 2032 justum
889 1967 918 2014 et
930 1958 1036 2015 bonum
1049 1956 1240 2033 impossibilia
1253 1975 1312 2016 nou

93 2056 240 2137 ¹potuisse
263 2055 428 2130 praecipere,
449 2053 517 2112 hine
538 2053 725 2111 admonemur
744 2064 773 2111 et
793 2054 823 2110 in
844 2053 973 2111 facilibus
995 2052 1064 2127 quid
1088 2072 1217 2130 agamus,
1233 2063 1261 2124 et
1281 2053 1312 2112 iu

79 2140 275 2212 ‘moltibus
296 2151 364 2224 quid
380 2147 558 2226 petamus.”⁸

114 2246 131 2255 ’“
150 2247 303 2307 Probatur
324 2244 384 2304 111.
406 2243 598 2305 condliorum
618 2243 805 2302 auctoritate.

72 2398 81 2407 .
149 2350 222 2403 est.
247 2343 411 2402 Concilium
426 2341 625 2399 Milevitanum
640 2340 817 2398 anathemate
831 2340 897 2398 serit
910 2358 976 2400 eum
990 2341 1040 2414 qui
1061 2339 1166 2400 dixerit
1179 2360 1231 2419 per
1250 2362 1312 2420 gra·

114 2443 181 2501 dem
194 2428 281 2499 liubin
299 2459 357 2498 uon
374 2438 510 2515 praestari,
532 2446 593 2493 “ut
614 2436 691 2509 quod
713 2436 873 2495 faciendum
896 2437 1097 2514 cognovimus,
1112 2439 1199 2498 etiam
1219 2440 1311 2498 facere

115 2538 265 2618 diligamus
280 2550 308 2596 et
322 2533 514 2594 valeamus.''⁸
555 2532 709 2591 Decretum
730 2535 847 2608 respicit
860 2516 977 2604 quidem
991 2535 1087 2610 gratie
1100 2537 1311 2605 necessitatem,

114 2637 161 2696 sed
176 2635 303 2694 ostendit
313 2634 397 2691 etiam
414 2645 542 2708 peream
557 2628 619 2685 neri
635 2637 665 2684 ut
680 2637 820 2703 praecepta
833 2628 953 2702 implere
968 2628 1124 2704 possimus.
1290 2710 1294 2715 .

148 2739 221 2794 ³56.
244 2730 409 2789 Concilium
424 2726 630 2785 Arausicanum
644 2723 683 2780 11.
699 2723 741 2780 sic
762 2723 906 2795 loquitur:
929 2732 949 2759 “
964 2720 1030 2780 Hoc
1044 2722 1203 2782 secundum
1223 2723 1311 2784 tidem

100 2831 279 2891 'catholicam
295 2826 448 2889 eredimus,
464 2821 540 2896 quod
554 2830 669 2894 accepta
684 2837 735 2895 per
745 2819 917 2894 baptismum
931 2818 1029 2894 gratia,
1044 2836 1146 2876 omnes
1161 2820 1309 2896 baptizati,

112 2928 231 2991 Christo
245 2923 397 2982 auxiliante
412 2931 440 2977 et
454 2927 634 2994 cooperante,
650 2935 712 2988 qure
726 2914 762 2972 ad
776 2915 895 2972 salutem
910 2914 1012 2972 animae
1027 2915 1180 2992 pertinent,
1196 2917 1312 2992 possint

110 3039 137 3086 et
150 3026 283 3087 debeant,
299 3022 324 3078 si
340 3018 461 3077 fidelitur
473 3016 600 3072 laborare
614 3013 764 3079 voluerint,
780 3010 985 3088 adimplere.'’⁷

147 3125 221 3180 357.
243 3119 333 3178 Favet
346 3115 416 3173 ratio
431 3111 597 3170 manifesta:
619 3109 735 3166 sienim
757 3109 827 3185 ipsis
845 3108 943 3184 justis,
959 3108 1119 3168 volentibus
1133 3117 1162 3166 et
1183 3109 1311 3168 conanti·

59 3221 62 3227 '
105 3217 175 3282 bus,
190 3223 333 3293 praecepta
353 3211 445 3268 forent
466 3205 655 3283 impossibilia
676 3216 798 3272 servam,
813 3203 895 3262 Deus
917 3223 975 3263 nou
996 3205 1068 3263 foret
1093 3223 1192 3278 equus
1214 3205 1311 3282 legum

103 3313 193 3380 lator,
209 3311 258 3384 qui
273 3307 394 3366 subditis
408 3305 469 3362 suis
484 3313 512 3360 et
525 3303 592 3360 liliis
607 3302 759 3378 imperaret
769 3301 842 3359 ultra
857 3302 1030 3375 quamlerre
1045 3302 1165 3360 valeant.
1208 3301 1312 3362 Domi·

59 3423 63 3427 '
106 3412 189 3472 natio
205 3409 289 3486 igitur
302 3406 407 3482 injusta
420 3403 449 3459 in
464 3408 669 3477 preceptorum
684 3400 831 3456 sanctione
841 3409 1030 3468 exerceretur,
1046 3399 1197 3459 crudelitas
1212 3401 1242 3459 in
1263 3399 1311 3460 de·

105 3510 187 3571 lictis
203 3504 366 3585 puniendis,
382 3519 445 3575 quae
461 3498 540 3555 vitari
556 3514 613 3586 nou
624 3503 765 3593 poterant.

412 3788 450 3849 (i)
467 3785 487 3834 Ι.
498 3782 557 3832 (ior.
565 3797 590 3830 x.
602 3783 626 3828 8.

413 3874 451 3933 (2)
469 3867 544 3916 Hom.
555 3866 582 3914 in
593 3864 653 3914 illud
665 3862 750 3922 Mosis,
761 3859 868 3912 Attendc
879 3858 926 3911 titi
938 3859 997 3927 ἱραί.

416 3956 454 4015 (3)
472 3951 547 4000 Hom.
559 3948 627 3998 xviii.
638 3947 665 3996 iu
677 3946 738 3996 Met.

414 4039 451 4100 (4)
468 4035 499 4086 L.
506 4035 537 4084 de
547 4039 599 4082 net.
609 4039 634 4082 et
644 4031 720 4094 grstia
727 4045 749 4080 c.
757 4029 825 4080 xxvi.

418 4123 455 4181 (5)
474 4117 567 4169 Ibidem
578 4133 600 4166 o.
610 4115 671 4165 lxix.

413 4207 451 4268 (6)
470 4203 533 4252 Gen.
544 4201 577 4251 iv.

415 4293 453 4351 (7)
470 4287 552 4337 'licet
564 4285 623 4335 xcii.
634 4283 744 4334 iulosu.

235 4379 312 4438 Vox..
328 4375 451 4434 11.-uu
