2730 5018
434 261 492 322 DE
523 262 706 323 HOMINIS
735 264 920 324 Nst‘ttttt.
1175 304 1185 329 ,
1240 266 1290 321 38·

76 412 129 472 sibi
144 414 294 479 futurum:
318 419 453 481 “Omnis
468 422 553 498 igitur
567 421 616 495 qui
638 423 779 481 invenerit
798 441 855 491 me,
871 420 982 481 occidet
1003 421 1093 480 me.’'¹
1133 420 1277 498 Prologus

76 523 173 571 sutem
197 516 328 576 constitit
341 518 371 576 in
394 531 466 577 terra
487 519 627 588 orientali,
642 531 671 576 et
685 519 837 577 {edificavit
857 520 1011 586 civitatem,
1025 519 1125 592 ntique
1146 518 1282 594 plurimo·

77 625 138 664 rum
149 608 305 671 hominum
316 613 429 691 adjutus
444 614 550 674 labore.
590 615 734 673 Caeterum
750 634 838 689 quum
853 625 966 672 centnm
981 614 1098 691 triginta
1109 612 1168 671 lere
1182 611 1249 669 anni
1265 630 1280 667 a

76 704 192 764 condito
215 709 289 766 orbe
309 707 471 778 fluxissent,
487 730 545 785 quo
569 722 696 792 ternpore
718 711 837 770 occisus
853 720 897 768 est
918 709 1001 778 Abel,
1017 710 1088 767 Seth
1109 709 1186 768 enirn
1210 704 1280 765 sta

78 802 157 859 brevi
173 815 242 880 post
255 806 319 883 ejus
339 818 472 877 mortem,
488 827 563 866 anno
584 811 742 870 centesimo
764 809 921 886 trigesimo,
937 818 1019 865 natus
1034 817 1089 876 est,
1104 807 1208 864 mirum
1223 822 1281 862 non

78 910 121 957 est
140 900 232 959 luime
249 903 310 979 jam
332 904 472 981 plurimos
494 905 628 964 homines
642 907 672 965 in
688 918 777 964 terra:
805 916 825 942 ‘⁶
838 906 904 963 Non
919 904 1029 972 enim,”
1047 905 1089 962 uti
1109 904 1217 980 optime
1233 899 1282 958 sd·

78 1006 156 1054 notat
167 999 360 1076 Augustinus,
374 1010 394 1071 ⁸.‘
405 1002 533 1060 etAdarn
546 1004 607 1081 ipse
618 1021 667 1060 eos
676 1003 754 1060 solos
764 1003 871 1079 genuit,
880 1020 999 1074 quorum
1014 1002 1130 1059 nomina
1138 1001 1281 1076 leguntur,

77 1112 141 1151 cum
157 1093 194 1153 de
209 1096 260 1155 illo
275 1097 423 1175 Scriptura
435 1098 567 1172 loquens,
584 1101 621 1161 ita
643 1099 803 1168 concludat,
819 1099 895 1172 quod
918 1099 1049 1176 genuerit
1062 1099 1137 1156 tilios
1152 1107 1181 1155 et
1194 1096 1280 1154 tiliae.

77 1189 205 1249 Proinde
220 1212 288 1251 cum
301 1192 391 1252 multd
405 1195 535 1272 pluribus
549 1195 606 1254 illis
618 1197 744 1254 vixerint
757 1196 839 1254 annis
854 1214 938 1269 quarn
955 1194 1089 1254 Israeliten
1104 1195 1134 1255 in
1149 1193 1283 1269 AEgypto

77 1287 203 1356 luerunt,
219 1290 286 1362 quis
307 1310 366 1350 nou
380 1291 485 1360 videat,
501 1311 586 1365 quam
610 1293 691 1354 multi
714 1293 845 1351 homines
861 1292 939 1350 nasci
965 1301 1130 1372 potuerunt,
1144 1288 1219 1347 unde
1235 1288 1284 1345 illa

77 1385 178 1443 civitas
193 1387 371 1464 impleretur,
387 1391 412 1447 si
426 1389 542 1448 llebroei
557 1390 645 1448 multo
660 1391 763 1448 minori
779 1401 906 1470 tempore
928 1389 967 1446 ita
979 1388 1160 1466 multiplicari
1184 1397 1286 1464 potue·

76 1490 144 1538 runt
152 1480 198 1536 l”¹
1104 1499 1106 1501 ¹

118 1581 169 1636 86.
191 1578 240 1637 Ex
255 1579 418 1641 diversitate
433 1581 548 1651 coloris,
564 1602 621 1656 quo
642 1583 774 1642 homines
795 1581 1004 1650 discernuntur,
1020 1579 1161 1642 diversam
1183 1596 1282 1638 eorum

79 1673 221 1750 originem
242 1677 373 1736 nonnulli
398 1677 563 1746 intulerunt,
578 1680 624 1738 cui
650 1692 678 1737 et
691 1680 784 1738 forma
809 1679 886 1737 varia
908 1678 1017 1737 cerebri
1032 1687 1060 1735 et
1083 1676 1186 1752 capitis
1208 1674 1283 1752 apud

79 1766 174 1824 varias
188 1779 301 1844 gentes,
316 1780 344 1828 et
358 1771 470 1840 incolae,
486 1773 534 1845 qui
550 1773 579 1830 iu
594 1773 695 1830 insulis
710 1772 903 1830 dissitissimis
924 1782 953 1828 et
973 1769 1148 1847 regionibus,
1165 1787 1284 1844 praeser-

81 1864 132 1921 tim
159 1865 351 1935 Americnnis,
365 1868 471 1944 reperti
495 1881 571 1935 sunt,
587 1869 666 1927 nullo
693 1869 811 1946 originis
832 1867 993 1926 communis
1016 1865 1137 1940 vestigio
1151 1874 1280 1929 extante,

80 1959 158 2018 nulla
172 1963 331 2020 verosimili
351 1965 461 2022 ratione
483 1965 629 2039 quomodo
650 1966 717 2025 illuc
741 1966 921 2042 pervenerint
933 1972 1115 2039 suppetente,
1130 1959 1282 2037 suffragari

80 2056 259 2117 ridebantur.
301 2057 446 2119 Caeterum
467 2063 571 2122 coloris
587 2063 706 2121 varietas
720 2061 756 2120 sd
771 2062 838 2120 coeli
859 2059 1027 2137 temperiem
1048 2068 1092 2115 est
1113 2055 1281 2120 reserenda3

81 2154 189 2213 cerebri
205 2155 297 2214 forms
310 2174 347 2214 sx
361 2157 493 2235 plurimis
507 2161 602 2218 causis
616 2160 764 2218 immutata
778 2159 956 2232 aliquatenus
971 2165 1031 2224 est;
1052 2154 1185 2214 homines
1197 2153 1283 2210 variis

82 2252 215 2317 cassibus
238 2253 294 2312 hac
314 2255 379 2314 illac
404 2255 489 2315 delati
514 2260 610 2316 suntr⁸
630 2266 659 2315 et
679 2277 712 2317 ea
732 2257 807 2334 apud
829 2274 930 2313 omnes
952 2261 1105 2312 occurrunt
1120 2250 1283 2309 communis

81 2347 201 2424 originis
215 2348 331 2419 irtdicia,
347 2370 411 2424 quae
427 2371 485 2410 reni
501 2352 685 2411 indubitatam
701 2352 814 2420 saciant,
830 2370 896 2415 nam
912 2361 940 2408 et
955 2349 1044 2408 torma
1058 2347 1184 2404 humana
1206 2344 1282 2405 ideut

83 2439 200 2500 denotat
214 2463 317 2520 genus,
330 2456 360 2505 et
374 2446 550 2517 traditiones,
563 2449 695 2521 quamvis
710 2449 823 2516 vitiatae,
835 2447 967 2504 veritates
979 2444 1114 2521 pristinas
1123 2443 1227 2515 quibus
1242 2442 1284 2500 ni·

82 2537 211 2596 tebantur
225 2538 359 2617 produnt.
402 2543 510 2602 Mirum
525 2554 569 2601 est
583 2554 687 2627 quanta
701 2545 744 2611 sit¹
754 2545 785 2602 iu
800 2562 897 2610 rerum,
908 2541 1066 2607 substantia
1080 2537 1257 2605 concordia.⁴

339 3121 376 3180 O.
400 3122 439 3182 11.
481 3124 538 3183 DE
568 3124 740 3184 HOMINE
762 3119 1030 3183 lNNOCENTE.

118 3321 170 3375 87.
193 3315 295 3374 Homo
308 3316 338 3373 in
353 3316 489 3376 Paradiso
501 3338 516 3376 a
527 3319 591 3378 Deo
606 3320 775 3376 constitutus
791 3327 844 3383 est,
854 3316 882 3374 in
898 3314 979 3372 horto
991 3311 1101 3369 scilicet
1114 3309 1286 3370 deliciarum

79 3418 250 3520 l'bv'ln'
283 3413 408 3472 Ubinam
425 3401 559 3473 terrarum
576 3417 659 3474 luerit
673 3414 764 3473 inutili
785 3412 881 3470 labore
896 3410 1070 3483 quaesierunt
1089 3405 1203 3473 eruditi,
1219 3422 1280 3462 mu·

80 3544 137 3590 tata
155 3533 219 3608 jam
239 3531 316 3590 orbis
338 3533 501 3609 superficie,
515 3551 553 3590 ex
576 3551 634 3609 quo
655 3514 794 3597 diluvium
815 3527 912 3587 ornniu
932 3521 1093 3582 vastaverit.
1136 3518 1281 3576 Ceterum

80 3638 171 3700 quum
186 3629 289 3689 Moses
304 3628 424 3693 flurium
439 3631 489 3703 qui
504 3629 569 3688 inde
585 3628 737 3696 defluebat,
752 3627 782 3685 in
796 3635 917 3699 quatuor
936 3621 1029 3698 capita
1043 3617 1219 3681 distributus,
1234 3612 1282 3670 de-

79 3724 239 3801 scripserit,
254 3724 418 3783 nominibus
432 3726 559 3784 locorum
575 3725 733 3791 recensitis,
748 3741 812 3801 quae
826 3721 936 3782 scilicet
950 3737 1003 3776 suo
1018 3726 1145 3790 tempore
1162 3712 1225 3789 jam
1241 3707 1286 3766 [ει.

78 3817 191 3885 rebant,
205 3817 406 3886 verosimiliter
425 3818 577 3902 conjicitur
595 3817 763 3877 Paradisum
786 3816 815 3873 in
836 3812 962 3872 confinio
983 3804 1214 3884 Mesopotamia,
1230 3803 1286 3860 Ar*-

113 4045 153 4104 (l)
171 4043 236 4094 Gen.
247 4044 280 4093 iv.
294 4046 332 4094 tt.

114 4133 153 4189 (2)
172 4130 202 4179 1..
216 4133 238 4180 l·
249 4141 336 4195 quest.
347 4133 373 4183 in
385 4134 449 4183 Gan.
461 4150 485 4198 q.
499 4137 521 4182 l.

115 4218 153 4275 (³)
171 4214 258 4267 Contio
269 4217 296 4268 iu
307 4217 389 4269 insola
400 4220 499 4271 Wateoo
509 4228 558 4271 trss
568 4218 681 4271 homines
692 4217 787 4267 invenit
797 4215 856 4264 illuc
865 4219 992 4263 ventorum
1000 4208 1024 4257 vi
1033 4206 1125 4256 delatos
1132 4202 1158 4251 in
1170 4196 1283 4290 naucula

83 4301 184 4368 (conoe)
198 4319 213 4353 a
225 4304 303 4353 littora
319 4303 448 4367 Otslcitr'i,
460 4308 509 4356 550
521 4304 665 4356 milliaribus
685 4302 776 4367 procul.
810 4300 875 4349 Vide
886 4297 956 4348 'alios
968 4311 1039 4346 ossus
1056 4290 1121 4356 spud
1138 4285 1210 4362 Lyell
1221 4284 1237 4335 l.
1248 4280 1279 4339 iii

80 4403 101 4437 c.
114 4388 155 4438 vii.
173 4389 238 4440 Vide
248 4399 272 4441 st
282 4391 411 4458 Jscquslot
421 4395 451 4445 ds
459 4393 600 4447 t'extrrsucs
611 4394 641 4450 ds
652 4389 718 4454 Ilien
729 4388 796 4443 Diss.
807 4387 838 4438 11.
850 4403 871 4438 c.
884 4385 921 4447 vi..

116 4474 154 4534 (4)
173 4473 238 4524 Vide
249 4477 295 4526 rol.
307 4477 327 4527 l.
337 4494 361 4544 p.
372 4481 414 4530 41.
425 4480 467 4538 42.

116 4563 155 4622 (5)
173 4559 230 4612 Gon
248 4562 275 4615 ii.
288 4566 332 4627 ts,
