2744 5024
519 245 576 307 DE
600 244 873 308 DAEMONIBUS.

288 462 300 497 ''
401 498 544 561 carus
564 500 603 560 11.
645 501 702 560 nn
725 498 1000 560 nmnoumus.

142 697 208 751 les.
230 695 334 771 Angeli
348 713 448 754 omnes
462 695 564 772 integri
578 704 608 752 et
621 695 690 752 boni
710 693 818 753 conditi
832 700 909 761 sust,
923 692 1003 751 omni
1017 691 1088 749 vitio
1103 699 1233 757 carentes,
1244 690 1274 749 ui·

99 788 142 847 hil
155 790 231 873 enim
239 791 316 851 mali
330 791 397 848 lecit
410 791 509 848 Deus:
535 800 555 827 ‘⁴
566 809 631 847 cum
646 789 719 847 fides
741 808 818 856 vera,
834 808 897 862 quse
924 797 969 846 est
991 787 1154 855 catholica,
1168 786 1274 844 omnim

100 886 300 954 erfflrarurn,
322 889 384 944 sire
405 887 606 964 spiritualium,
627 887 688 943 sire
709 885 910 962 corporalium,
930 886 1036 943 bouem
1057 884 1279 965 prolitesturesse

100 982 297 1052 rumdam,
311 993 340 1041 et
352 983 420 1042 mali
435 984 541 1042 nullent
555 1001 620 1040 esse
635 992 782 1041 neutram:
797 985 866 1085 ,ipris
879 982 971 1051 Deus,
986 982 1035 1055 qui
1050 970 1234 1041 unir'crsitstis
1243 984 1275 1037 srt

100 1078 329 1147 conditormihil
343 1098 401 1137 non
422 1080 529 1137 bonum
544 1079 620 1137 fecit.
664 1076 749 1136 Unde
763 1088 793 1136 et
811 1076 943 1136 diabolus
961 1079 1055 1136 bonus
1069 1086 1158 1143 esset,
1172 1076 1197 1133 si
1215 1075 1275 1133 inse

100 1174 178 1247 quod
192 1175 282 1232 sactus
304 1183 349 1232 est
369 1173 595 1250 permaneret.”¹
636 1173 742 1231 Meritd
764 1173 851 1250 igitur
863 1171 982 1240 dIunss,
997 1173 1105 1231 malum
1127 1171 1277 1246 principium

100 1278 236 1334 statuens,
251 1279 279 1325 et
300 1267 525 1336 Priscillianus,
540 1268 683 1329 diabolum
699 1270 805 1327 malurn
824 1269 860 1326 ab
873 1269 956 1327 initio
976 1268 1066 1327 fuisse
1087 1269 1278 1334 affirmansrs

96 1363 168 1439 jecti
180 1373 256 1421 sunt.
299 1362 443 1436 Equidem
459 1373 479 1400 ‘⁴
491 1364 540 1421 ille
561 1373 621 1421 erat
641 1363 787 1423 homicida
809 1364 843 1421 ab
863 1362 978 1432 initio,’‘
991 1373 1020 1420 et
1034 1362 1189 1421 “mendax
1201 1369 1280 1429 estet

100 1469 180 1536 pater
193 1460 303 1537 ejus,’'⁸
316 1470 336 1498 ‘⁶
349 1462 484 1534 quoniam
506 1463 540 1520 ab
554 1462 636 1519 initio
657 1461 785 1519 diabolus
808 1460 958 1538 peccat.”⁸
995 1461 1054 1520 Sed
1069 1480 1157 1519 voees
1171 1462 1280 1551 illmppt

100 1557 195 1633 ipsum
211 1557 361 1615 creationis
383 1567 559 1617 momentum
582 1559 760 1634 respiciunt:
783 1557 914 1616 conditus
929 1567 973 1616 est
993 1558 1110 1631 quidem
1131 1554 1280 1629 bonum-'set

102 1655 181 1711 brevi
194 1654 293 1730 lapsus
308 1665 360 1714 est.
403 1656 561 1731 “Spiritus
582 1656 632 1727 qui
646 1655 680 1712 ed
697 1654 857 1713 vindictam·
872 1656 959 1713 creati
979 1654 1094 1723 sunt,’'‘
1105 1655 1280 1732 intelliguntu

101 1752 179 1809 venti
193 1751 420 1810 vehementiores
434 1753 545 1825 aliaque
560 1752 616 1809 Dei
632 1751 760 1828 flagella:
785 1760 804 1788 ⁸⁴
817 1752 902 1828 ignis,
917 1751 1036 1827 grando,
1050 1752 1153 1818 semes,
1168 1762 1199 1809 et
1210 1763 1280 1809 mort

101 1849 197 1907 omnis
212 1850 273 1907 haec
295 1849 330 1906 ad
344 1848 496 1907 vindictam
518 1858 611 1906 creata
624 1847 737 1906 sunt.”⁵
778 1846 862 1914 erod
877 1857 972 1905 autem
994 1845 1161 1904 Bebemotls
1175 1857 1280 1905 creatur

101 1942 250 2003 dicaturad
261 1945 437 2003 illudendum
448 1945 499 2013 ei,⁰
509 1945 723 2020 intelligendum
733 1943 893 2010 estdeceti,
904 1944 947 2000 rel
956 1943 1065 2019 ingenti
1074 1943 1201 2016 quodam
1211 1942 1280 2019 pisci

145 2045 211 2098 195.
235 2042 374 2106 Gratiam',
389 2041 498 2096 scilicet
511 2057 665 2114 supernum
687 2039 826 2096 auxilium
848 2058 906 2113 quo
927 2048 1046 2116 possent
1059 2040 1157 2096 Deum
1171 2039 1280 2116 diligen

103 2136 211 2211 angelis
227 2136 369 2200 tributam,
386 2135 452 2210 jure
465 2134 622 2206 meritoque
637 2134 706 2191 dicit
720 2136 933 2194 Aucuesruos:
956 2154 1008 2194 nec
1022 2136 1100 2193 enim
1115 2146 1224 2193 naturae
1240 2137 1280 2193 vir

82 2216 155 2288 ³bus
170 2240 299 2307 poterant
312 2229 452 2287 demereri
466 2230 572 2287 Deum.
614 2231 713 2288 Bonos
735 2233 850 2308 angelos
865 2233 893 2289 ei
906 2232 1097 2306 obsequentes
1111 2253 1129 2289 a
1144 2233 1240 2301 malis,
1255 2251 1280 2305 qr

102 2328 305 2403 repugnabant,
321 2326 459 2384 discretos
480 2327 583 2384 docet:
606 2337 625 2364 “
639 2328 733 2386 Simul
752 2341 784 2387 ut
804 2329 869 2389 faeti
891 2339 967 2396 sunt,
986 2329 1013 2386 ei
1027 2349 1043 2386 a
1057 2348 1114 2402 qno
1136 2330 1204 2388 lacti
1226 2348 1280 2388 sun

102 2440 198 2481 amore
213 2440 278 2479 cum
293 2441 350 2494 quo
364 2422 430 2479 secti
444 2432 520 2490 stunt,
536 2422 725 2481 adhaeserunt.
767 2424 872 2497 quue
892 2433 961 2482 sunt
972 2425 1019 2482 isti
1034 2426 1068 2482 ab
1083 2425 1198 2483 illorum
1214 2427 1280 2484 socl

103 2529 158 2576 tate
180 2518 305 2586 discreti,
321 2517 398 2592 quod
413 2518 444 2575 hi
465 2519 493 2576 in
508 2522 608 2576 eadem
624 2519 766 2576 voluntate
785 2521 860 2577 bona
876 2531 1050 2588 manserunt,
1065 2521 1107 2578 illi
1128 2522 1164 2579 ab
1179 2540 1214 2578 ea
1237 2522 1280 2580 det

103 2616 205 2675 ciendo
226 2617 324 2675 mutati
339 2625 415 2684 sunt,
430 2617 504 2674 mala
517 2617 629 2674 scilicet
642 2618 795 2685 voluntate,
812 2618 866 2675 hoc
887 2618 952 2694 ipso
967 2619 1042 2690 quod
1058 2639 1074 2675 a
1094 2620 1171 2678 bono
1192 2620 1280 2679 defec

102 2713 199 2772 runt.’'
222 2714 238 2750 *
259 2716 276 2750 ’*
297 2717 313 2747 *
332 2723 352 2750 ⁴⁶
363 2714 402 2771 Et
414 2715 496 2770 istam
511 2712 632 2792 (bonum
643 2712 837 2791 uoluntatem)
850 2713 914 2785 quis
929 2713 1043 2780 lecerat,
1056 2715 1112 2771 nisi
1126 2716 1175 2773 ille
1188 2719 1280 2797 quiq

103 2829 169 2868 cum
184 2812 257 2867 bona
272 2811 425 2878 voluntate,
441 2809 470 2866 id
485 2818 538 2877 est,
554 2829 618 2866 curn
634 2828 730 2867 amore
745 2820 834 2876 casto,
849 2827 907 2881 quo
920 2809 963 2866 illi
983 2809 1170 2880 adhererent,
1186 2814 1280 2871 creari

103 2907 188 2965 simul
203 2908 245 2963 eis
260 2919 288 2963 et
302 2907 428 2964 condens
444 2916 583 2973 naturam,
599 2916 627 2962 et
640 2905 763 2982 largiens
778 2906 896 2982 gratiam
907 2905 954 2961 l‘’⁷
1047 2972 1052 2981 ⁵

145 3005 212 3059 196.
235 3002 349 3076 Lapsus
371 3001 545 3074 Angelorum
561 3001 669 3058 anullo
690 3021 771 3059 sacro
786 3002 924 3078 scriptore
938 3003 1112 3060 enucleatius
1127 3005 1234 3062 relatus
1250 3010 1280 3083 Q

103 3101 154 3160 sed
169 3097 275 3176 saepius
289 3094 325 3151 de
340 3112 375 3151 eo
389 3095 480 3152 obiter
492 3097 572 3170 plura
585 3107 652 3153 sunt
665 3096 748 3154 dicte.
791 3099 839 3155 Ex
851 3100 1043 3156 vetustissime
1058 3100 1208 3158 traditione
1223 3102 1280 3160 in'm

104 3197 157 3255 tuit
171 3195 287 3272 angelos
309 3192 448 3266 quosdam
470 3192 565 3248 aDeo
579 3192 729 3256 defecisse,
744 3204 773 3250 et
793 3195 864 3251 iram
885 3197 1035 3252 memisse.
1077 3195 1205 3256 Eam'ex
1220 3199 1280 3258 tud

103 3293 226 3369 epistola
239 3290 419 3363 colligimus:
437 3298 455 3324 ‘⁴
467 3287 583 3362 angelos
596 3285 662 3345 verd
675 3290 723 3360 qui
738 3308 795 3347 non
810 3301 994 3349 servaverunt
1004 3310 1088 3349 suum
1099 3294 1280 3371 principatus

104 3389 156 3448 sed
170 3389 380 3459 dereliquerunt
396 3404 479 3442 suum
495 3385 682 3452 domicilium,
698 3387 727 3442 in
738 3387 878 3463 judicium
891 3390 990 3465 magni
1005 3389 1071 3459 diei,
1088 3393 1209 3449 vinculis
1225 3403 1280 3452 aete

47 3534 57 3544 .
104 3489 149 3547 nis
161 3487 214 3545 sub
229 3485 349 3562 caligine
370 3481 568 3541 reservavit.”⁸
609 3481 640 3540 ld
656 3483 873 3567 etiamltestatur
888 3486 980 3543 Divus
995 3487 1117 3544 Petrus:
1143 3499 1162 3525 ‘⁶
1176 3490 1210 3546 Si
1224 3492 1280 3549 enit

105 3584 185 3649 Deus
201 3582 307 3658 angelis
324 3580 506 3658 peccantibus
521 3598 579 3636 non
593 3579 730 3654 pepercit,
745 3579 797 3636 sed
819 3580 984 3638 rudentibus
998 3583 1100 3640 inferni
1116 3584 1280 3645 detractosi

104 3691 236 3738 tertarum
252 3677 364 3735 tradidit
384 3675 562 3742 cruciandos,
578 3677 605 3731 in
624 3676 765 3754 judicium
787 3678 971 3736 reservari.”⁹
1009 3679 1107 3738 Unum
1129 3685 1240 3740 caeteris
1257 3685 1280 3741 d.

104 3777 236 3836 sectionis
257 3773 358 3831 ducem
371 3772 460 3830 luisse
474 3772 651 3848 expluribus
665 3772 736 3831 locis
752 3774 903 3851 colligitur.
946 3775 990 3832 Ad
1005 3795 1070 3834 eum
1086 3777 1184 3836 referri
1199 3780 1280 3838 solen

104 3890 168 3946 qum
192 3869 225 3929 ad
243 3871 364 3929 litteram
384 3869 419 3927 de
439 3888 504 3946 rege
521 3868 683 3946 Babylonio
702 3881 780 3927 vates
801 3869 887 3927 dicit:
915 3869 1069 3928 “detracta
1082 3883 1125 3929 est
1140 3873 1174 3930 ad
1196 3874 1280 3935 inser'r

104 3967 335 4047 superbiatua*
356 3968 372 4002 *
393 3964 410 3998 ⁸*
433 3963 586 4032 Quomodo
608 3964 737 4022 cecidisti
757 3964 791 4022 de
809 3965 892 4033 eoelo,
910 3965 1035 4033 Lucifer,
1057 3968 1107 4039 qui
1127 3987 1211 4028 mane
1233 3974 1280 4031 ori

139 4166 176 4224 (1)
195 4162 220 4210 S.
233 4160 285 4209 Leo
297 4175 334 4224 ep.
347 4161 417 4218 9³,c
430 4159 453 4206 6.
740 4159 782 4241 (d)
801 4159 848 4208 Job
859 4160 893 4209 xl.
905 4162 943 4208 10.
978 4160 1128 4217 Pueriles.

139 4253 176 4311 (2)
194 4248 265 4297 Joun.
277 4245 327 4296 viii.
338 4245 379 4294 44.
737 4245 778 4309 (7)
799 4244 828 4295 L.
840 4246 882 4294 xii.
894 4247 924 4295 de
934 4245 981 4296 civ.
991 4240 1041 4297 Dei
1051 4265 1072 4297 c.
1085 4251 1109 4297 9.

139 4335 176 4395 (3)
198 4335 208 4379 l
225 4329 338 4381 loamili.
348 4333 372 4380 8.
739 4331 780 4395 (8)
800 4330 871 4381 Judoe
883 4347 905 4378 v.
918 4333 941 4380 6.

139 4420 178 4482 (4)
196 4417 263 4467 Ecel.
274 4416 361 4467 xxxix.
373 4417 413 4465 ³³.
742 4419 784 4483 (9)
804 4418 829 4469 ii.
841 4419 899 4471 Poe
907 4419 931 4470 it.
943 4422 969 4470 4.

139 4507 178 4566 (b)
196 4502 257 4552 Ibid.
269 4519 291 4551 v.
305 4506 346 4555 ³5.
