2744 5024
342 280 400 362 oe
419 281 521 360 reso
543 295 714 361 onerant
735 297 997 360 orvnumre.
1232 305 1271 362 ca
1368 275 1371 281 ’

35 528 37 535 Ι
77 456 186 529 caverit,
208 455 341 518 intimam
365 469 460 518 tamen
486 440 718 534 coniunctionem
744 473 810 516 cum
836 456 921 516 Patre
941 455 1104 528 affirmarit,
1124 457 1272 518 miraculis

35 578 38 635 ι
82 558 157 616 etiam
171 558 200 615 in
214 546 411 615 testimonium
425 555 571 632 allegatis:
588 555 651 612 “Si
666 554 737 612 mihi
751 572 809 613 nort
823 554 908 612 vultis
923 554 1048 622 credere,
1062 556 1198 633 operibus
1212 572 1272 615 cre·

35 650 37 677 ¹
87 649 144 720 lie,
156 661 185 710 ut
197 651 389 729 cognoscatis,
403 660 433 708 et
452 649 573 708 credatis
595 650 663 723 quia
676 649 764 707 Pater
788 649 818 707 in
832 667 880 706 me
901 658 955 718 est,
969 659 999 708 et
1011 669 1066 727 ego
1086 651 1117 711 iu
1142 651 1275 711 Parem

90 747 198 806 Tantum
218 749 300 806 abest
312 757 346 806 ut
364 747 516 806 ‘iudaicam
537 746 799 822 interpretationem
821 763 940 804 suorum
960 747 1112 808 verborum
1130 749 1272 825 rejecerit,
1329 744 1337 759 '

93 861 141 902 cau
154 842 298 902 manifesti
311 843 503 909 confirmavit,
518 853 691 917 quapropter
706 840 812 909 ludaei,
828 841 901 899 nihil
921 840 1093 914 afsententia
1105 843 1229 912 deducti,
1244 845 1274 903 ei

96 933 260 998 tin'inserre
287 938 398 999 idcirco
427 938 576 1016 parabant:
607 938 804 1010 “querebant
826 954 895 1014 ergo
921 955 988 997 eum
1013 939 1275 1015 apprehentiertt.”⁸

97 1034 229 1106 liberata
247 1036 321 1091 πάιν
336 1033 410 1092 iore
421 1053 517 1093 nacae.
568 1033 701 1094 Profecti
724 1035 781 1093 nisi
808 1034 943 1092 Christus
966 1045 1044 1094 esset
1068 1054 1153 1095 verus
1178 1037 1271 1105 Deus,

99 1129 255 1206 blaphemiae
271 1130 431 1207 arguendus
445 1141 516 1199 erat,
531 1133 599 1206 quia
612 1133 651 1190 ita
670 1132 838 1206 loquebatur
852 1141 883 1190 ut
896 1149 928 1189 ee
949 1132 1045 1190 Deum
1059 1132 1152 1191 facere
1165 1133 1274 1193 videre·

100 1220 144 1282 ttr':
164 1245 213 1283 nec
226 1227 371 1303 objectum
385 1229 496 1285 crimen
509 1229 604 1286 verbis
623 1228 792 1286 clarissimis
805 1228 918 1298 refellit,
932 1228 1004 1287 adeo
1018 1238 1051 1287 ut
1063 1228 1210 1290 audientes
1224 1248 1273 1290 ne·
1336 1218 1347 1239 '

102 1320 200 1379 creanti
213 1322 331 1390 falleret,
346 1341 412 1381 cum
425 1325 582 1400 maJestatis
597 1324 699 1383 divine
714 1323 876 1401 dispendio.

126 1422 165 1476 64.
182 1417 261 1478 Alide
284 1421 369 1478 etiem
390 1420 483 1480 eidem
498 1423 671 1480 accusationi
691 1420 770 1479 dedit
782 1422 896 1490 locum;
918 1432 1017 1480 sanato
1038 1424 1117 1482 enim
1140 1423 1270 1494 homine,

100 1516 134 1587 qui
149 1517 256 1594 triginta
277 1529 342 1576 octo
356 1537 446 1577 annos
467 1520 630 1578 infirmitate
650 1519 834 1587 laboraverat,
849 1539 938 1592 quum
960 1518 1054 1578 Judei
1076 1526 1287 1594 quererentur,'

101 1613 218 1672 sabbatum
233 1634 269 1673 eo
292 1633 380 1692 opere
394 1617 541 1684 violatum,
555 1617 626 1675 illud
648 1618 741 1675 Patris
762 1626 792 1674 et
811 1617 856 1674 sui
877 1619 1003 1694 potentia
1024 1617 1130 1676 factum
1155 1618 1270 1678 docuit:

101 1711 191 1769 “Pater
204 1730 286 1770 meus
295 1731 387 1785 usque
403 1715 490 1772 modo
503 1701 654 1790 operatur:
669 1724 698 1771 et
711 1733 765 1791 ego
776 1732 888 1791 operor.
930 1713 1088 1790 Propterea
1097 1734 1166 1791 ergo
1180 1716 1273 1792 magia
1320 1700 1330 1713 '

100 1809 235 1877 querebant
247 1827 314 1866 eum
329 1808 423 1868 Judei
437 1812 596 1869 interficere
610 1830 617 1867 t
641 1812 708 1882 quia
722 1828 779 1868 non
794 1810 889 1867 solum
903 1808 1032 1867 solvebat
1044 1811 1205 1878 sabbatum,
1220 1809 1273 1867 sed

73 1903 80 1910 ’
102 1914 120 1959 et
128 1903 227 1965 Patrem
237 1924 324 1963 suum
338 1907 450 1966 dicebat
460 1908 567 1976 Deum,
583 1907 722 1980 aequalem
737 1925 768 1963 se
780 1904 887 1963 sacieris
902 1904 991 1963 Deo.²
1025 1904 1160 1980 Oportuit
1174 1906 1270 1963 statim

102 1996 153 2058 lane
164 2002 245 2060 veluti
259 2013 383 2061 atrocem
396 2005 567 2063 calumniam
579 2004 728 2080 repellere,
738 2004 763 2061 si
777 2003 893 2060 veritate
905 2015 967 2060 non'
977 2002 1130 2067 niteretur3
1147 2011 1272 2062 attamen

101 2091 163 2153 lesus
181 2098 299 2156 vocibus
322 2118 393 2157 usus
416 2111 460 2158 est
481 2099 674 2166 asseverandi,
695 2100 799 2172 quibua
823 2098 852 2155 in
873 2098 1015 2155 sententia
1034 2098 1223 2165 firmarentur,
1245 2108 1274 2157 et

101 2195 215 2265 tenaci
228 2206 257 2252 et
271 2195 365 2264 Patris
380 2197 544 2255 communia
557 2207 585 2253 et
605 2197 683 2272 paria
699 2195 839 2253 affirmare
857 2195 993 2270 perrexit.
1036 2204 1055 2230 ‘⁶
1067 2195 1172 2264 Arnen,
1188 2214 1274 2255 amen

100 2283 146 2346 'dico
156 2292 249 2350 rabie:
272 2310 330 2350 non
345 2303 439 2370 potest
451 2293 544 2351 Filius
561 2312 577 2350 a
590 2312 622 2350 ae
644 2294 737 2351 facere
758 2291 926 2366 quidquam,
939 2293 995 2350 nisi
1009 2292 1087 2366 quod
1102 2293 1203 2352 viderit
1217 2295 1271 2353 Pa·

101 2393 150 2444 tren
161 2389 327 2457 facientem
342 2409 530 2463 quecumque
544 2391 620 2448 enim
636 2392 683 2449 ille
697 2391 806 2459 fecerit,
822 2389 884 2448 hec
898 2401 927 2449 et
941 2390 1032 2450 Filius
1048 2391 1179 2450 similiter
1192 2392 1270 2451 facit.

102 2475 162 2540 Pater
172 2485 246 2543 enim
269 2484 362 2561 diligit
375 2485 494 2551 Filium,
509 2495 539 2542 et
558 2487 655 2544 omnia
668 2485 843 2545 demonstrat
857 2489 883 2544 ei
905 2504 968 2559 quaa
985 2487 1049 2563 ipse
1064 2486 1148 2544 lacit:
1172 2499 1201 2544 et
1214 2506 1273 2544 ma·

61 2606 64 2613 ·
98 2573 143 2648 jora
153 2579 193 2638 hie
205 2582 411 2640 demonstrabit
433 2585 459 2639 ei
474 2601 571 2658 opera,
586 2594 618 2640 ut
630 2602 682 2642 voe
704 2585 857 2641 miremini.
900 2584 981 2640 Sicut
994 2583 1070 2640 enim
1085 2584 1170 2641 Pater
1183 2585 1273 2641 sueci-

101 2684 126 2730 tat
136 2691 262 2747 mortuos,
277 2689 307 2736 et
321 2678 462 2736 vivificat:
479 2680 564 2736 sicet
578 2679 680 2747 Filius,
696 2699 769 2752 quos
784 2679 853 2745 vult,
869 2678 1002 2735 vivificat:
1018 2678 1203 2749 nequeenim
1219 2679 1273 2736 Pa·
1367 2740 1370 2745 ,

100 2773 230 2850 terjudicat
243 2784 437 2849 quemquam:
460 2775 510 2843 sed
526 2794 612 2835 omne
630 2775 771 2851 judicium
787 2774 865 2832 dedit
877 2774 964 2840 Filio,
978 2783 1124 2854 utomnee
1138 2774 1272 2856 honorifi-

99 2878 144 2926 ort
154 2870 267 2940 Filium,
281 2873 357 2930 sicut
376 2872 565 2931 honorificant
578 2873 711 2929 Patrem:
743 2871 793 2944 qui
815 2888 872 2928 non
894 2868 1063 2927 honorificat
1076 2868 1194 2935 Filium,
1209 2886 1271 2933 non

99 2957 239 3026 honorificat
253 2968 379 3035 Patrem,
395 2968 443 3040 qui
465 2968 544 3024 misit
557 2965 687 3024 illum.”⁴
726 2965 865 3033 Quamvis
888 2963 959 3022 nihil
980 2981 1041 3020 ase
1059 2961 1166 3027 Filium
1181 2949 1269 3040 ponae

98 3055 159 3132 dicat,
171 3076 202 3124 ut
215 3065 347 3123 ostendat
361 3083 448 3140 opera
463 3065 526 3141 ejus
541 3064 634 3122 Patris
656 3065 741 3122 etiam
755 3081 830 3130 esse,
845 3064 883 3121 ob
898 3061 1031 3139 potentiae
1046 3070 1075 3119 et
1088 3070 1195 3120 naturae
1209 3063 1273 3122 uni·

98 3163 169 3230 een,
193 3164 292 3222 omnia
315 3163 408 3221 Patris
433 3180 522 3239 opera
543 3180 595 3219 sua
620 3179 684 3218 esse
706 3158 858 3238 perspicui
883 3157 1015 3228 affirmat,
1037 3159 1109 3218 adeo
1128 3170 1160 3218 ut
1180 3160 1272 3218 Filius

96 3268 270 3333 timeumque
284 3259 355 3317 velit
366 3279 382 3317 a
392 3259 513 3317 mortuis
528 3259 613 3316 etiam
624 3266 748 3327 revocet,
763 3258 838 3316 sicut
850 3267 880 3316 et
896 3257 982 3316 Pater
991 3276 1048 3317 urta
1062 3276 1179 3326 secum3
1195 3258 1272 3332 quod

93 3344 179 3416 illustre
193 3368 239 3416 est
252 3357 357 3415 divine
372 3357 506 3433 potentie
527 3367 735 3433 argumentum.
778 3356 881 3423 Parem
896 3356 982 3433 igitur
1001 3355 1140 3414 horrorem
1154 3356 1231 3414 Filio
1244 3366 1273 3414 et

90 3441 151 3513 Patri
171 3455 366 3523 tribuendum,
384 3455 469 3530 juxta
488 3455 582 3512 Patris
603 3453 695 3530 ipsius
716 3454 878 3520 consilium,
894 3452 987 3510 docet.
1029 3453 1063 3511 ln
1076 3453 1210 3512 omnibus
1225 3452 1273 3511 ad·

84 3551 153 3609 8ituit
166 3569 343 3611 consensum
362 3551 515 3608 voluntatis
529 3563 558 3607 et
578 3551 711 3627 potentie
733 3549 975 3625 conjunctionem,
990 3566 1043 3605 seu
1056 3551 1151 3624 potius
1166 3556 1272 3605 naturae

48 3693 54 3705 r
82 3646 217 3717 uectem,
232 3659 344 3706 servata
357 3657 451 3705 tamen
467 3647 559 3704 Patris
574 3657 603 3704 et
622 3647 689 3704 Filii
704 3646 848 3704 relatione.
890 3644 907 3701 J
911 3663 959 3703 ure
974 3644 1084 3721 optimo
1097 3642 1272 3701 animadver-

78 3735 112 3800 tit
122 3742 348 3822 chrysostomus
362 3763 370 3800 ι
386 3753 404 3780 “
415 3743 440 3799 ai
455 3743 581 3819 potentia
591 3740 691 3801 eadem
702 3743 749 3810 sit,
762 3740 943 3800 manifestum
958 3749 1002 3798 est
1012 3750 1139 3798 naturam
1151 3736 1271 3798 eandem

78 3840 182 3898 essee*
858 3840 863 3857 ⁸

115 3936 158 3992 85.
179 3931 412 4008 LiquetJudaeos
428 3929 768 3991 chriarumintettexisse
783 3930 889 3989 Filium
902 3927 958 3988 Dei
974 3927 1045 3987 adeo
1057 3947 1088 3986 se
1102 3906 1268 4004 praedffie,

75 4031 108 4083 ιιι
118 4027 178 4088 Deo
192 4039 271 4090 eset
284 4029 413 4105 equalis,
427 4028 491 4106 ipse
505 4029 590 4086 etiarn
607 4025 698 4086 Deua.
742 4025 915 4099 Gravissimi
929 4025 1015 4104 igitur
1026 4024 1153 4084 criminis
1166 4023 1231 4082 loeo
1242 4023 1272 4080 id

45 4266 54 4281 ,
112 4221 148 4288 (l)
166 4222 243 4272 mie.

113 4305 149 4372 (2)
168 4323 192 4356 v.
204 4309 246 4359 ³9.

113 4391 149 4458 (³)
167 4393 241 4444 loen.
251 4409 276 4443 r.
290 4395 330 4443 17.

101 4479 146 4548 ’.(4)
162 4494 186 4527 r.
199 4481 239 4529 tt.
354 4471 357 4478 ’

1266 4472 1313 4573 r*

114 4561 150 4631 (ὃ)
168 4585 190 4618 ει
199 4567 225 4619 tt
243 4562 370 4635 ἢδύναμις
379 4563 396 4634 ἡ
406 4562 478 4634 ἀυτὴ,
488 4564 585 4634 ἔνδηλον
595 4565 637 4617 ὅτι
647 4560 693 4616 eoi
701 4554 766 4616 doio·
782 4559 810 4610 S·
822 4556 911 4626 chrys.
922 4559 988 4610 hom.
999 4559 1042 4611 lxi.
1052 4559 1080 4610 in
1089 4556 1254 4614 tamone?
1266 4578 1270 4589 ·

189 4652 267 4712 Ver..
282 4651 383 4710 11.-e
641 4664 649 4679 ¹
1013 4657 1016 4662 '
