2744 5024
75 220 115 279 'ts
214 214 439 277 flmmeum
453 212 511 275 DE
533 212 669 275 (1111118Ἰ
668 215 722 276 10
739 214 897 277 nasim
913 212 1146 281 mmsis).

78 372 168 441 navit,
181 372 258 431 sicut
270 371 463 431 alexaudriae
475 391 522 431 an.
536 374 593 431 261
611 372 729 431 Sabellii
742 371 860 451 dogma.
899 371 938 433 ls'
952 374 1067 434 ridetur
1080 374 1174 433 fuisse
1188 373 1283 452 pleni»

77 483 134 545 gne
147 467 310 526 communis
330 485 420 534 armr,
433 466 511 542 quod
524 467 625 525 Jasum
646 486 760 527 merum
779 469 927 528 homiuem
949 470 1151 547 predicarem,
1165 469 1270 531 aidini·

76 581 189 623 nsmm
210 580 278 622 sum
300 563 484 623 descendisse
505 564 727 637 virtutemque
742 564 814 623 mira
836 574 936 624 auem
959 566 1031 625 cst.'
1054 568 1104 625 Ab
1117 566 1267 643 hujusmodi

76 656 189 735 placitis
202 658 408 719 abhorruerunt
422 660 532 718 Christi
555 659 611 718 Dei
631 661 765 728 cultores,
779 671 879 738 utpote
894 661 1004 719 divinare
1016 662 1081 739 epis
1104 672 1210 721 murras
1221 682 1268 723 us·

78 754 182 814 aiicsto
195 755 334 815 adversis.
359 816 366 829 ,
1249 777 1255 789 ·

116 853 147 907 4.
169 851 274 922 Arius,
287 851 444 929 Presbyter
456 850 678 919 Alexandrinus,
688 868 768 909 ,mino
781 851 897 910 circiter
908 856 979 922 817,
996 862 1128 911 retsrma
1142 852 1265 911 beroien

41 962 46 971 ·
78 963 142 1005 rum
156 963 281 1005 enorem
295 964 371 1005 nova
390 944 482 1008 indnit
495 946 604 1004 sorrnsz
628 964 695 1004 nam
716 944 845 1004 Verbum
864 946 967 1004 adseri
983 962 1043 1004 non
1057 928 1212 1023 separabat,
1222 964 1265 1005 asc

80 1041 217 1100 creaturis
232 1041 341 1099 ceteris
359 1042 499 1114 sonabat,
512 1039 565 1098 ssd
579 1039 845 1117 praestantissimum
861 1039 1035 1116 predicabat
1048 1040 1108 1098 Dei
1121 1059 1205 1117 opus,
1215 1051 1266 1098 sats

80 1137 186 1197 saecula
199 1137 379 1216 productum,
394 1156 452 1210 quo
465 1155 535 1194 usus
556 1148 601 1195 est
621 1135 702 1195 Deus
716 1145 751 1194 ut
760 1148 863 1194 caetera
883 1137 981 1195 omnia
1002 1155 1021 1194 s
1035 1137 1132 1195 nihilo
1141 1124 1260 1195 ediceret¹

82 1230 122 1290 Ei
134 1243 164 1289 at
176 1249 282 1289 nomen
296 1232 354 1289 Dei
373 1241 402 1288 et
426 1231 533 1289 cultum
548 1231 671 1289 tribuere
685 1249 743 1288 non
757 1231 903 1298 renuebat,
918 1231 1052 1304 mramris
1073 1232 1195 1290 Summo
1206 1230 1266 1295 ns,

80 1325 165 1384 Patre
174 1325 293 1392 scilicet,
303 1324 418 1383 minori.
461 1325 614 1384 Venenum
625 1324 772 1385 haereseos
782 1325 835 1383 hac
846 1327 957 1383 ratione
970 1326 1155 1402 propinatum
1170 1322 1265 1403 plurimi

79 1419 246 1490 hauserunt,
257 1417 328 1478 adso
342 1429 374 1477 ut
386 1421 422 1477 ab
433 1421 514 1478 initio
525 1431 636 1497 septem
651 1421 823 1497 presbyteri,
834 1430 864 1477 at
877 1420 997 1478 totilam
1008 1420 1134 1488 diaconi,
1146 1421 1173 1478 ei
1185 1418 1266 1478 satire

80 1515 138 1593 ‘ati
158 1515 226 1573 sint.
267 1515 312 1573 nb
335 1514 510 1584 Alexandro,
530 1533 584 1574 suo
604 1517 753 1592 episcopo,
776 1515 806 1573 in
829 1515 943 1592 synodo
959 1512 1267 1592 .damnatus„patroncs

79 1620 181 1670 nactus
195 1620 239 1669 ast
251 1611 412 1670 Eusebium
426 1611 670 1673 nicomediensem
691 1611 831 1683 aliosque.
874 1612 984 1669 Nicaeae
1005 1613 1124 1670 tarrdern
1138 1630 1209 1669 anno
1222 1608 1273 1667 32⁶

59 1703 211 1765 'habitum
223 1714 267 1764 est
280 1706 434 1764 concissam
449 1706 669 1772 oecumenicum,
685 1706 713 1763 iu
729 1723 786 1778 quo
799 1710 858 1763 318
883 1707 1014 1782 episcopi
1030 1707 1194 1782 symbolum
1215 1698 1274 1763 fidei

80 1801 118 1860 irs
143 1811 283 1861 auxerunt
303 1803 553 1879 explicationibus,
575 1819 638 1874 qua
654 1800 802 1858 Christum
825 1800 928 1858 Jesum
951 1802 1058 1859 Fihum
1075 1801 1133 1859 Dei
1155 1799 1279 1879 ejusdem

81 1915 115 1956 ac
130 1897 215 1957 Pater
227 1898 403 1967 substantie,
418 1915 518 1956 verum
538 1897 634 1960 Deum
648 1895 683 1955 de
699 1915 766 1954 vero
781 1895 846 1953 Deo
860 1895 1050 1954 declarabant.
1092 1906 1209 1970 ομιωως
1220 1904 1286 1954 coti·

82 1993 300 2061 substantialis,
316 2013 379 2067 quae
394 2013 452 2052 vox
466 1995 497 2050 iu
510 1993 645 2069 symbolo
659 1992 786 2050 adhibita
799 2007 844 2050 est
858 1991 893 2050 ad
908 2011 1011 2065 omnes
1026 1994 1187 2051 arianorum
1202 1982 1286 2051 cavil-

81 2086 203 2146 lationes
223 2086 388 2154 eludendas,
404 2074 439 2144 iis
455 2087 581 2144 maxime
601 2085 773 2162 displicuit:
791 2098 820 2144 et
835 2098 879 2145 tot
896 2086 1024 2145 dissidiis
1040 2087 1120 2144 dedit
1134 2106 1245 2151 ausam,
1266 2092 1286 2132 ¹¹

84 2183 169 2240 etiam
184 2200 221 2239 ex
231 2178 398 2239 orthodoxis
412 2180 542 2239 nonnulli
554 2182 717 2240 censuerint
726 2194 858 2257 praestare
870 2193 901 2239 ut
914 2182 1100 2241 omitteretur.
1143 2184 1286 2240 (lencm

84 2279 134 2352 qui
144 2276 257 2336 fraudes
272 2276 419 2336 haere'ticas
433 2276 592 2337 habuerunt
606 2277 779 2355 exploratas,
795 2279 823 2337 in
844 2298 881 2336 ea
892 2298 1032 2355 magnum
1044 2262 1172 2337 veritatis
1186 2282 1285 2356 praefl

54 2393 60 2404 ·
83 2373 164 2432 dium
185 2370 286 2430 maritd
308 2382 474 2448 posuerunt,
490 2374 597 2450 quippe
615 2394 678 2447 qun
696 2374 815 2432 eandem
838 2376 931 2433 Patris
947 2394 979 2432 ac
994 2375 1062 2432 Filii
1083 2385 1212 2433 naturam
1226 2376 1286 2432 om

83 2467 153 2525 nino
167 2483 231 2524 esse
246 2468 417 2534 enuntiabat,
433 2485 517 2540 quam
533 2468 693 2526 discemera
708 2469 839 2543 cupiebat
856 2469 952 2527 Arium.
989 2513 994 2521 .

126 2566 154 2619 5.
176 2562 278 2620 Plures
290 2563 324 2620 ab
336 2563 397 2620 arii
408 2564 592 2622 sectatoribus
605 2563 707 2620 habitas
719 2574 785 2619 suist
796 2563 912 2639 synodi,
928 2575 956 2620 et
967 2563 1035 2620 fidei
1050 2563 1180 2622 formulae
1193 2563 1286 2622 edit*

85 2656 193 2717 omissa
208 2667 414 2729 rosconmon,
457 2659 684 2730 Nonnumquam
700 2656 804 2733 dogma
823 2659 923 2733 ipsum
935 2657 1050 2714 Christi
1060 2658 1217 2717 divinitatis
1232 2663 1286 2716 Vl

85 2765 153 2814 sunt
166 2773 330 2834 agnoscere,
343 2757 435 2814 verbis
450 2756 480 2813 in
494 2757 591 2830 specie
607 2755 764 2812 Catholicis
779 2753 842 2811 usi:
859 2754 908 2811 sed
924 2773 1049 2811 errorem
1064 2756 1157 2813 celare
1175 2756 1286 2814 stude]

86 2863 161 2911 runt.
204 2853 304 2911 Aetius
320 2861 349 2909 et
361 2853 535 2918 Eunomius,
550 2852 659 2909 Filium
672 2850 750 2910 Patri
764 2850 889 2907 similem
904 2869 976 2907 essc-
985 2861 1134 2926 negantes,
1150 2854 1286 2910 Ancus*

86 2967 173 3008 crum
187 2960 273 3006 sactes
287 2950 430 3024 principes
445 2949 616 3005 excierunt:
638 2947 771 3014 Aeacius,
788 2946 929 3004 Caesareoe
944 2947 1111 3022 episcopus,
1127 2966 1195 3005 eum
1210 2950 1286 3007 sirr‘

85 3048 144 3106 lem
156 3045 276 3112 dicebat,
287 3042 340 3100 sed
354 3044 507 3110 voluntate,
520 3044 710 3119 potiusquam
723 3053 840 3101 natura:
856 3043 981 3100 Basilius
994 3045 1167 3123 Ancyranas
1182 3053 1286 3103 natu!

88 3137 305 3197 similitudinem
320 3136 423 3194 dicitur
446 3136 609 3203 admisisse,
621 3150 649 3193 et
672 3138 913 3195 Semiarianornm
936 3138 1141 3213 antesignanus
1160 3138 1286 3199 habeti!

89 3235 205 3293 Nomen
220 3231 276 3289 hoc
288 3231 442 3304 aliquando
455 3233 590 3289 tributum
605 3242 648 3289 est
662 3233 725 3289 aliis
741 3233 893 3290 Catholice
906 3233 1103 3300 sentientibus,
1119 3234 1170 3306 quii
1184 3254 1202 3291 a
1219 3244 1286 3294 voc

87 3340 203 3398 ομοισως
222 3328 407 3395 abstinebant,
424 3329 495 3385 inter
515 3345 589 3399 quos
604 3329 634 3386 S.
651 3328 780 3404 Cyrillus
807 3329 1092 3404 Hierosolymitanus
1116 3329 1286 3405 plerumqoe

88 3415 261 3481 recensetur.
306 3423 345 3482 Ut
365 3423 502 3481 invidiam
525 3423 708 3491 declinarent,
730 3424 836 3501 sepius
859 3424 1028 3482 ‹lamnarunt
1048 3424 1147 3482 Ariani
1170 3443 1223 3483 eos
1245 3438 1286 3500 qu

89 3517 162 3575 ultra
176 3521 320 3595 progressi
335 3520 462 3578 Verbum
479 3520 508 3578 in
525 3529 652 3596 tempore
667 3519 823 3595 prodiisse,
835 3520 879 3576 vel
900 3539 958 3577 non
972 3538 1036 3576 esse
1059 3519 1154 3577 Deum
1171 3520 1286 3580 affirm&

89 3613 165 3680 bant,
180 3615 312 3686 quamvis
327 3626 355 3672 et
369 3616 424 3690 ipsi
441 3615 469 3672 id
491 3615 554 3672 aliis
569 3615 664 3672 verbis
677 3614 885 3689 exprimerent.
923 3613 1110 3689 Imperatoris
1123 3614 1286 3675 Constanti

89 3729 176 3786 opera
191 3713 279 3787 viguit
294 3712 418 3770 maxime
433 3720 509 3768 secta
524 3713 647 3780 Ariana3
670 3723 698 3768 et
712 3711 843 3788 plurimis
857 3711 988 3786 expulsis
1008 3711 1155 3786 episcopis
1173 3713 1286 3772 catholi·

89 3806 142 3872 cis,
164 3807 262 3865 Ariani
284 3826 384 3866 eorum
404 3820 578 3885 occuparunt
600 3808 694 3886 sedes.
738 3807 904 3864 Extiterunt
925 3816 1021 3866 tamen
1046 3806 1196 3865 fortissimi
1226 3810 1285 3868 fida

88 3902 227 3972 vindices,
240 3907 312 3982 inter
327 3925 401 3979 quos
416 3906 587 3964 Athanasius
602 3906 732 3963 eminuit.
775 3904 846 3961 Post
861 3904 955 3961 turbas
970 3903 1209 3978 quamplurimas,
1227 3924 1286 3980 qus

88 3999 124 4059 ad
134 4001 271 4059 saeculum
280 4001 361 4059 sacile
374 4001 518 4068 durarunt,
531 4019 567 4058 ne
579 4000 695 4072 quidem
706 4012 772 4058 tunc
784 4001 910 4057 extincta
923 4000 995 4067 labe,
1008 3999 1116 4056 sensim
1126 4000 1191 4057 sine
1202 4018 1286 4060 sensi

89 4076 177 4154 css'sit
190 4113 278 4160 error,
293 4095 452 4166 victrixque
466 4095 571 4152 mansit
585 4095 687 4150 veritas
702 4113 718 4157 a
733 4094 858 4168 patribus
874 4094 992 4151 nicaenis
1007 4092 1157 4151 vindicata

130 4196 157 4250 6.
181 4192 303 4248 Socinus
319 4190 467 4248 Christum
483 4190 578 4251 Deum
593 4208 711 4265 negans,
722 4191 782 4247 Arii
798 4191 974 4266 impietatem
988 4189 1189 4263 resuscitavtn
1203 4209 1286 4264 quen

90 4287 267 4360 aliquatenus
283 4285 407 4342 imitatus
428 4294 481 4352 est,
502 4303 568 4342 eum
592 4284 744 4342 colendum
767 4285 869 4352 fatens,
889 4295 987 4362 utpote
1010 4285 1281 4362 praestantissimum

89 4381 147 4440 Dei
156 4366 241 4440 etiam
252 4382 368 4440 nomine
380 4380 537 4457 dignatum.
579 4382 636 4449 Qui
648 4383 788 4440 recentius
799 4382 909 4441 Christi
918 4382 1092 4440 divinitatem
1106 4382 1286 4459 impugnant,

89 4477 227 4554 pleraque
248 4479 296 4539 illa
318 4479 460 4551 haeresees
483 4478 570 4558 pallia
589 4479 765 4558 abjecerunt,
779 4496 954 4567 omnemque
973 4478 1082 4539 cultum
1102 4480 1131 4536 si
1143 4478 1286 4556 abjudica-
