2744 5024
367 108 426 175 DE
444 108 651 173 suerrum
670 58 930 269 1111881θῇ
1168 111 1239 168 337
1298 117 1308 153 t

81 267 153 327 208.
173 264 263 346 neap.
285 267 394 343 Utique
408 287 466 346 pax
480 269 563 328 nobis
577 267 721 337 suadetur,
735 268 830 351 m
837 262 1019 341 Bouhier
1032 266 1072 365 q
1088 266 1241 344 benignos,

40 364 190 441 quia
202 382 270 425 euru
283 363 389 424 fiducia
409 363 611 423 honorandus.
633 363 686 422 ned
700 360 782 423 filino
782 358 871 441 dolet
883 352 920 422 dr
937 346 1066 432 defletio,
1076 381 1142 438 quo
1155 380 1239 421 nam·

38 475 130 532 quam
141 459 214 517 ortis
228 458 351 519 delleeeo
364 479 396 518 re
408 469 518 528 censet,
534 471 563 518 et
576 469 690 520 veretur
702 477 739 518 uo
750 458 857 547 uliqpid
870 459 1056 521 munerarii
1069 467 1179 568 gratum
1194 459 1242 517 ad·

39 553 154 615 nitur:
167 574 203 613 eo
216 556 253 613 de
261 574 348 614 cauca
357 574 393 615 ue
400 555 497 632 juonis
509 555 625 628 quidem
637 564 682 612 eat
690 554 771 613 omni
781 554 972 617 nmonliter.
994 555 1099 615 Monet
1098 555 1241 653 oppipare

39 649 124 709 “Do
138 652 292 729 propitiato
315 663 433 728 peccato
447 650 506 709 noli
521 669 586 708 ease
600 653 664 710 sine
686 662 774 709 metu.
777 648 989 709 ”1-“lleatua
1003 650 1102 710 horno
1104 666 1155 729 qur
1168 668 1244 710 eem-
1308 655 1310 659 ’

38 762 95 821 per
107 757 154 804 cot
168 745 310 823 pavidus!
312 746 334 783 '⁸
363 746 680 847 Apostoluspuorn-‘t
692 746 771 807 Cum
783 755 864 813 rou
875 757 906 806 et
919 747 1020 877 timpre
1033 758 1157 807 veetiam
1170 747 1245 806 ada·

39 851 102 901 tom
122 845 294 921 operamini
296 844 330 882 ”¹

249 1271 391 1332 CAPUT
411 1273 466 1332 lX.
482 1296 485 1298 ·
504 1274 560 1333 DE
581 1262 786 1345 Joe'rl'rlm
807 1273 1046 1334 AMISSlONE.

333 1450 446 1508 srcrro
460 1448 484 1508 l.
511 1448 559 1507 Du
574 1466 724 1507 rnccnunr
737 1465 968 1507 nonsummum

90 1607 166 1663 294.
186 1602 369 1676 Joviaianoc,
383 1618 507 1666 exeunte
521 1616 620 1679 quarto
634 1604 751 1672 seculo,
766 1604 863 1663 docuit
874 1614 894 1641 ⁴⁴
904 1622 956 1663 eoo
968 1605 1018 1678 qui
1032 1605 1146 1664 luerunt
1159 1606 1249 1681 bapti·

52 1701 120 1768 zati,
136 1719 154 1758 ι
167 1699 280 1760 diabolo
295 1722 353 1760 non
368 1712 454 1780 posse
468 1701 581 1768 tentari,
596 1702 769 1775 quicumque
784 1711 878 1758 autem
894 1701 992 1759 tentati
1012 1700 1125 1769 fuerint,
1140 1700 1253 1759 ostendi

53 1813 105 1856 eoo
118 1814 204 1870 aqna,
219 1815 276 1856 non
291 1785 411 1875 Spiritu,
427 1795 630 1874 baptizatos.''⁴
669 1796 758 1854 Hunc
776 1814 844 1854 cum
868 1795 932 1853 aliis
946 1796 1088 1854 erroribus
1109 1795 1254 1855 damnavit
1315 1826 1319 1831 ·

56 1891 177 1961 Sirieiue
192 1892 338 1961 Pontifex,
353 1906 382 1952 et
401 1894 556 1958 concilium
578 1891 796 1952 Mediolanenne
810 1910 886 1950 anno
906 1895 962 1950 391
984 1891 1123 1962 habitum,
1139 1893 1171 1951 S.
1187 1894 1257 1954 Aru·

58 1991 157 2053 brooio
177 1992 309 2070 preside.

45 2090 165 2144 2295.
187 2087 333 2146 Lotherua
358 2088 427 2146 fidei
453 2089 644 2165 prestantium
670 2087 742 2146 adeo
769 2087 873 2146 extulit
896 2085 1038 2155 laudibus,
1060 2098 1093 2147 ut
1114 2089 1257 2166 justitium

56 2185 149 2244 omini
162 2204 222 2243 non
243 2204 341 2262 posse,
357 2187 494 2259 quamdiu
515 2186 580 2259 quio
605 2185 765 2253 crediderit,
780 2185 932 2259 aliquando
952 2186 1144 2256 affirmaverit,
1160 2187 1258 2247 fidem·

57 2299 114 2354 que
136 2281 255 2350 servari,
276 2283 350 2340 inter
363 2283 532 2359 gravissima
545 2283 684 2349 crimina;
706 2285 745 2341 ait
757 2284 853 2341 enim:
876 2292 896 2319 “
908 2282 951 2342 lta
971 2283 1164 2358 viden-qaam
1178 2284 1259 2342 diver

56 2359 208 2436 sithonio
234 2377 425 2446 christianua3
450 2378 536 2434 etiarn
563 2377 661 2434 volens
684 2395 744 2434 uon
768 2387 864 2452 potest
885 2377 1003 2452 perdere
1028 2379 1149 2437 odotem
1170 2397 1259 2450 quan·

57 2473 221 2546 meumque
243 2474 379 2550 peccatis,
395 2475 450 2533 nial
465 2473 536 2531 nolit
555 2470 681 2530 credere.
724 2472 813 2530 Nulla
826 2471 904 2530 enim
925 2481 1042 2548 peccato
1054 2490 1121 2531 enm
1137 2483 1260 2549 poenum

59 2567 208 2636 damnare,
233 2552 290 2627 nisi
314 2569 375 2626 nola
403 2567 632 2627 incredulitas.”⁵
680 2566 803 2643 Scripsit
830 2567 917 2624 etiam
942 2566 978 2624 ad
1002 2566 1256 2627 Melanohtonear:

61 2672 80 2700 “
90 2664 201 2723 sufficit
221 2664 298 2737 quod
313 2665 482 2742 agnovimus
504 2682 554 2740 per
567 2663 680 2721 divitias
693 2663 791 2739 glorie
813 2662 869 2720 Dei
883 2680 989 2738 agnum
1003 2662 1053 2734 qni
1067 2662 1140 2720 tollit
1160 2681 1260 2739 pecea-
1309 2677 1313 2687 ’

60 2768 121 2819 tum
137 2758 255 2819 mundi:
276 2761 311 2818 ab
325 2760 382 2818 hoc
395 2779 454 2817 non
466 2760 568 2818 avellet
582 2771 739 2835 peceatum,
751 2758 835 2816 etiam
851 2758 876 2814 ni
890 2757 993 2814 millies
1008 2775 1066 2816 uno
1079 2756 1127 2815 die
1141 2759 1262 2817 fornice·

60 2879 134 2928 mur,
149 2871 198 2917 aut
221 2858 433 2917 occidamua.'’⁰
473 2860 570 2926 Qurrm
595 2871 689 2916 autem
715 2857 743 2914 id
767 2856 861 2935 palam
883 2875 900 2913 a
919 2856 980 2914 auia
1005 2857 1123 2916 asseclis
1143 2858 1263 2934 coeperit

61 2956 220 3035 praedicari,
235 2945 383 3035 egerrime
398 2957 471 3024 tulit,
486 2968 516 3014 et
529 2957 650 3015 licentiae
666 2939 880 3015 morum'verbo
895 2965 924 3012 ct
943 2955 1084 3032 exemplis
1099 2955 1193 3033 palam
1214 2975 1263 3034 pa-

62 3055 236 3114 trocinantes
252 3054 435 3113 vehementer
449 3054 602 3132 redarguit.
654 3063 673 3090 “
685 3053 815 3121 Quum,''
830 3054 930 3112 scribit
945 3053 1106 3123 Walchius,
1128 3055 1263 3115 “Lntlre-

63 3171 110 3211 rus
125 3151 246 3219 audiret,
262 3171 328 3211 eoae
342 3152 455 3212 Iolebiae
470 3153 543 3211 inter
564 3154 710 3211 ministros
732 3153 811 3210 verbi
825 3151 914 3211 divini
929 3151 1088 3230 Carparem
1100 3154 1264 3215 Bohemrrm

63 3249 203 3322 aliosque,
218 3249 285 3307 item
301 3249 331 3307 iu
345 3250 462 3326 regione
477 3248 691 3322 Luucbcrgensi
706 3258 735 3305 et
756 3247 938 3313 Pomerania,
953 3250 1003 3319 qui
1022 3252 1161 3308 crassiora
1181 3252 1265 3311 ‹loce-

63 3357 136 3413 rent,
149 3354 181 3404 ct
193 3357 331 3422 negarent
344 3346 431 3404 fidem
446 3346 584 3403 adulterio
598 3356 627 3401 et
637 3344 700 3400 aliis
712 3343 890 3418 gravissimis
906 3343 1020 3418 flagitiis
1034 3347 1136 3413 emitti,
1151 3349 1265 3406 concul-

65 3455 124 3505 tum
137 3461 206 3503 eane
221 3443 405 3509 existimavit,
419 3454 451 3499 ut
464 3441 613 3519 epistolam
629 3440 702 3498 hanc
719 3439 792 3517 juris
814 3439 920 3515 publici
941 3438 1092 3506 laceret,”⁷
1105 3459 1169 3500 eam
1189 3444 1265 3501 reili-

65 3550 176 3616 cetqqua
186 3538 337 3615 Agriocloe,
347 3538 568 3597 antinomorum
582 3535 636 3616 (sic
649 3534 812 3613 audiebant)
826 3520 917 3602 ducis,
930 3534 1104 3610 palinodiam
1117 3539 1263 3598 referebat.

67 3637 170 3696 Senior
183 3637 246 3694 haec
259 3635 378 3694 Lutheri
392 3636 532 3694 sententia
546 3634 620 3711 apud
635 3636 787 3711 plerosque
799 3633 861 3708 ejus
876 3631 1000 3691 asseclae
1015 3634 1145 3694 obtinuit.
1198 3622 1216 3649 ‘

105 3737 177 3792 296.
198 3732 269 3791 dure
293 3733 403 3810 optimo
426 3731 622 3805 animadvertit
643 3730 744 3789 Bullua
759 3748 796 3786 ex
822 3728 974 3805 principiis
996 3729 1116 3789 Lntheri
1137 3736 1265 3810 pessima

103 3892 146 3958 (1)
165 3889 244 3941 Ecoli
255 3906 277 3942 v.
289 3892 313 3939 6.

104 3977 146 4041 (2)
166 3974 238 4025 Pnov.
249 3973 335 4024 xxviii.
349 3975 387 4023 14.

102 4062 145 4126 (8)
165 4059 230 4109 Phil.
240 4059 266 4108 it.
280 4063 319 4109 12.

106 4146 148 4212 (4)
168 4145 336 4209 Hieronymus
346 4144 362 4194 l.
373 4143 399 4193 ii.
410 4149 494 4192 contro
504 4140 628 4191 lovinion.

106 4232 148 4297 (a)
167 4229 198 4280 n.
210 4230 240 4280 aa
251 4231 338 4294 capra.
349 4229 500 4294 atabyria.
511 4228 551 4278 ror.
564 4212 622 4277 ael.

108 4316 150 4381 (6)
169 4316 188 4365 1.
196 4315 263 4377 Aug.
276 4315 348 4363 1521.
358 4313 398 4364 cit.
406 4315 436 4364 ob
447 4312 540 4373 Audin,
552 4312 599 4361 vie
609 4312 639 4361 de
650 4309 751 4368 Lutlror,
762 4311 809 4359 vol.
816 4310 832 4360 i.
845 4326 868 4375 p.
878 4315 935 4360 278.
953 4310 1020 4362 Parin
1031 4314 1102 4365 1839.

110 4400 151 4473 (7)
171 4399 263 4450 Introd.
281 4399 312 4448 cd
328 4400 368 4448 lib
387 4400 465 4463 symb.
482 4396 558 4447 Lutlt.
569 4397 585 4446 l
597 4396 613 4447 i.
625 4413 646 4446 c.
657 4396 697 4446 vii.
710 4399 724 4454 ς
736 4395 787 4444 xxi.
799 4412 823 4460 p.
835 4399 893 4445 812.

197 4484 271 4582 Von.
286 4484 408 4543 11.-29

947 4748 985 4771 ἰ

806 4800 809 4806 -
919 4742 1019 4841 eiu,
