2744 5024
1186 94 1208 133 ,ἡ

451 120 510 183 DE
531 120 672 184 Pauru
696 118 911 183 vtusrrtEO.
1222 136 1277 194 221

111 282 227 357 nancto
239 281 414 345 somniando·
427 280 518 341 filium
539 281 712 356 conceperit.
754 279 830 338 Satis
843 279 987 358 colligitur
995 299 1065 342 sum
1082 303 1199 346 censere
1213 307 1281 350 con·

110 394 197 456 ceptum
220 378 337 439 nonnisi
350 380 494 439 consortio
508 377 601 436 mariti
615 376 751 452 deinceps
765 377 930 463 contigisse:
946 379 997 437 sed
1010 381 1156 454 quomodo
1170 384 1199 442 id
1213 404 1279 447 cnm

109 477 251 535 estimonio
265 477 396 537 Matthaei
409 475 586 540 conciliatur,
608 473 735 530 testantis
757 473 866 531 nullum
888 474 1053 552 hujusmodi
1075 483 1280 542 commercium

108 571 245 648 losephum
260 575 335 631 inter
348 584 377 630 et
390 570 489 648 ipsam'
498 569 715 627 intercessisset

108 688 111 695 ·
132 672 171 726 bd.
194 668 262 747 Onj.
277 674 308 726 2.
331 670 363 727 M
367 668 414 726 irre
429 685 474 725 res
489 675 576 743 gesta
589 664 698 723 Christi
712 665 892 724 occasionem
905 665 1043 729 dederuut
1056 673 1197 749 cogitandi
1209 693 1278 734 curn

104 761 216 821 diuinitus
241 774 432 835 conceptum:
454 761 529 838 apud
554 761 707 836 plerosque
728 763 804 818 enirn
831 762 953 836 populos
974 769 1137 841 superstitio
1152 771 1278 847 riguisse

105 861 207 917 noscitur
220 860 379 936 insignium
394 857 543 915 bominum
558 867 650 913 ortum
665 855 701 912 ad
715 853 785 913 deos
797 855 936 914 referendi
949 870 1088 918 suctores.

131 961 172 1014 bl.
191 956 281 1034 Resp.
303 956 385 1014 Sacri
398 955 552 1030 scriptores
566 953 722 1010 Matthaeus
735 962 765 1010 et
777 951 871 1010 Lucas
879 954 989 1013 nullum
1002 959 1127 1032 prebent
1140 959 1277 1022 iudicium

105 1070 127 1109 tt
137 1052 234 1125 aliquid
250 1052 366 1130 ingenio
380 1051 511 1116 finxisse,
526 1049 572 1106 vel
585 1059 690 1106 temere
705 1049 836 1107 retulisse
849 1050 969 1110 aliorum
983 1053 1128 1129 figmenta.
1168 1057 1277 1116 Lucam

107 1145 163 1218 quod
175 1150 281 1213 attinet,
298 1147 433 1223 pralatur
455 1163 486 1201 se
501 1156 664 1201 assecutum
678 1162 743 1201 esse
763 1145 861 1202 omnia
874 1165 891 1203 n
904 1147 1045 1225 principio
1063 1149 1223 1227 diligenter,
1248 1163 1277 1212 et

107 1243 256 1300 enucleatius
272 1255 364 1300 narrat
377 1260 441 1313 quae
456 1241 569 1297 brevius
584 1260 600 1296 a
616 1240 753 1297 Matthaeo
764 1239 874 1298 fuerant
887 1242 982 1301 relata.
1024 1244 1152 1318 Uterque
1166 1248 1276 1324 simpli·

107 1337 165 1405 citer,
184 1340 262 1396 nullo
277 1339 418 1395 sermonis
432 1349 543 1402 ornatu,
569 1355 614 1393 res
630 1345 713 1412 prout
726 1347 879 1395 evenerant
892 1339 1035 1399 describit.
1076 1343 1161 1409 Quod
1180 1354 1276 1405 autem

107 1444 171 1490 tester
183 1453 239 1492 non
253 1435 357 1491 luerint
367 1433 470 1491 oculati
482 1451 580 1490 eorum
590 1450 654 1504 quae
666 1431 775 1489 Christi
786 1444 956 1509 conceptum
967 1445 996 1493 et
1005 1446 1097 1496 ortum
1110 1440 1276 1515 respiciunt,

106 1529 133 1586 nil
143 1531 232 1598 officit,
247 1550 314 1589 nam
328 1530 514 1606 scriptoribus
528 1528 594 1586 fidis
608 1539 636 1586 et
652 1529 762 1605 judicio
777 1531 958 1605 pollentibus,
973 1533 1106 1603 creditur,
1120 1536 1189 1595 dum
1208 1537 1277 1596 alio·

105 1643 148 1682 tum
160 1627 325 1684 testimoniis
340 1627 431 1684 innixi
446 1645 492 1682 res
507 1635 651 1697 tamquam
672 1638 762 1682 certas
777 1637 805 1682 et
819 1625 875 1683 fide
888 1625 989 1703 dignas
1010 1629 1144 1688 referunt.
1187 1633 1276 1698 Quod

105 1721 199 1792 pertinet
212 1721 247 1778 ad
261 1721 438 1779 ethnicorum
455 1719 573 1785 fabulas,
589 1720 713 1776 immane
733 1719 838 1776 distant
851 1740 868 1776 a
881 1721 1006 1797 simplici
1020 1723 1274 1798 Evangelistarum

106 1812 225 1882 relatione,
238 1834 292 1872 nec
306 1815 451 1872 firmantur
467 1814 502 1870 iis
517 1813 691 1890 argumentis
706 1831 771 1884 quae
785 1813 894 1872 Christi
913 1815 1049 1874 miracula
1062 1828 1091 1875 et
1103 1818 1199 1876 divina
1212 1821 1276 1897 ejus

106 1905 207 1968 doctrina
219 1911 413 1987 suppeditant.
456 1910 601 1967 Craterum
624 1927 681 1966 non
695 1909 766 1967 levis
788 1923 832 1967 est
852 1911 1015 1988 conjectura
1034 1914 1113 1989 ipsas
1135 1916 1275 1992 originem

106 2005 198 2063 unxisse
212 2024 247 2064 ert
258 2010 345 2064 veteri
359 2007 516 2073 traditione,
532 2005 670 2064 oritumm
683 2006 794 2064 cmlitus
809 2006 934 2078 aliquem
949 2009 998 2080 qui
1008 2010 1149 2086 justitiam
1161 2024 1190 2070 et
1200 2013 1277 2070 salu·

106 2104 146 2154 uu
157 2103 247 2175 generi
262 2101 376 2159 afferret
388 2101 527 2159 humano.
568 2099 639 2166 Qua
663 2100 800 2177 Virgilius
814 2103 918 2160 cecinit
930 2103 966 2161 de
980 2105 1100 2175 Astraea,
1114 2107 1192 2168 etde
1206 2128 1275 2186 pue·

74 2192 82 2201 '
106 2206 128 2246 ru
139 2211 194 2255 utor
208 2199 365 2263 nascituro,
381 2197 455 2254 haud
470 2197 591 2254 obscura
604 2197 730 2272 pristiuae
741 2198 898 2257 traditionis
910 2201 1037 2277 prebent
1049 2202 1164 2263 indicia.

342 2359 357 2384 ‘⁴
366 2353 459 2403 Ultima
471 2342 567 2402 Conci
577 2351 645 2401 venit
657 2354 709 2418 jam
720 2353 833 2403 carminis
844 2361 902 2404 stas

341 2437 449 2498 Magnus
461 2438 491 2485 ab
501 2435 595 2497 integro
607 2437 749 2486 seculomm
761 2438 869 2487 namitur
879 2438 947 2490 ordo.
1055 2460 1060 2469 ·

343 2521 401 2570 Jam
411 2521 473 2570 redit
483 2527 508 2570 et
519 2521 603 2582 virgo;
620 2520 722 2569 redeunt
732 2521 848 2570 Saturnia
857 2537 947 2583 regnem

343 2606 400 2656 Jam
409 2622 476 2655 nova
486 2606 614 2670 progenies
624 2605 686 2654 coelo
697 2605 831 2655 demittitur
841 2606 910 2656 slte.¹

130 2749 169 2808 52.
191 2734 258 2829 obj.
274 2755 304 2809 3.
327 2750 492 2827 Conceptus
507 2752 652 2828 virgineus
677 2761 751 2835 totus
772 2749 877 2827 pendet
896 2769 933 2810 ex
954 2750 1098 2809 authentia
1118 2753 1275 2831 primorum

101 2834 197 2905 drumm
213 2847 344 2905 Matthaei
359 2847 511 2923 Evangelii
526 2848 661 2922 capitum,
687 2846 722 2903 de
737 2860 793 2919 qua
806 2856 900 2905 tamen
920 2847 987 2906 licet
1000 2848 1143 2906 dubitare:
1165 2861 1276 2909 constat

100 2937 157 2997 enin
172 2961 203 3000 ea
215 2961 273 3001 non
290 2941 378 2999 luisse
392 2944 427 3000 ab
442 2943 585 3000 Ebionitis
600 2944 704 3019 agnita,
727 2943 776 3015 qui
791 2962 923 3021 magnam
938 2945 1146 3005 constituebant
1165 2957 1275 3023 partem
1363 2932 1369 2941 ’

99 3042 178 3094 torum
188 3037 238 3111 qui
251 3057 290 3095 ex
305 3037 435 3095 Hebraeis
450 3037 484 3094 ad
500 3036 610 3095 Christi
625 3038 754 3095 militiam
769 3039 945 3096 transierant.
987 3038 1127 3099 Praeterea
1140 3061 1197 3100 nou
1207 3061 1274 3102 con·

99 3130 176 3191 eordan
185 3135 353 3211 genealogia
367 3154 453 3208 quam
467 3135 613 3192 continent
626 3153 691 3192 curn
706 3136 852 3209 illaquam
875 3135 958 3194 tradit
970 3135 1076 3198 Lucas.
1116 3140 1191 3198 Mira
1212 3160 1274 3198 nar·

97 3229 190 3289 tunde
204 3232 357 3308 Magorum
372 3232 504 3299 adventu,
520 3243 548 3289 at
561 3233 643 3290 stella
656 3232 727 3298 visa,
750 3250 812 3304 quae
827 3233 930 3292 fabulis
952 3237 1163 3296 annumeranda
1178 3237 1273 3296 viden·

95 3324 148 3377 tun¹

125 3419 168 3478 bd.
185 3420 275 3502 Rcap.
296 3423 437 3481 Probatur
450 3423 567 3500 insuper
581 3432 736 3499 conceptus
752 3421 896 3498 virgineus
911 3423 1044 3481 vaticinio
1058 3424 1151 3492 lenia,
1173 3438 1201 3484 et
1215 3428 1272 3487 Lu·

94 3514 180 3578 ΜΘ
201 3519 313 3596 Angelo
335 3519 457 3577 Mariam
473 3520 595 3577 allocnto
611 3517 795 3585 ‚testimonio
822 3516 967 3574 Ceterum
989 3517 1066 3576 nulla
1079 3533 1124 3576 est
1145 3521 1215 3579 ratio
1236 3522 1271 3579 dc
1309 3518 1313 3523 ’

95 3595 206 3670 Μιαῑιεεί
219 3615 320 3692 primis
334 3615 474 3690 capitibus
488 3613 645 3682 dubitandi,
668 3630 756 3686 quum
770 3622 869 3670 extent
885 3612 915 3670 in
929 3614 1061 3671 omnibus
1083 3615 1229 3674 codicibus
1243 3628 1272 3677 st

93 3704 264 3779 inionibus,
277 3708 453 3769 util'atentur
466 3711 644 3769 adversarii.8
684 3706 867 3767 Concordant
880 3709 965 3767 etiam
979 3710 1031 3768 toti
1043 3713 1135 3788 operi,
1155 3724 1185 3771 et
1201 3734 1271 3792 pree·
1338 3708 1341 3713 ’

92 3787 190 3864 (thais
204 3807 327 3867 indolem
342 3809 457 3875 habent,
478 3809 549 3867 adeo
563 3819 595 3866 ut
608 3808 664 3885 ipsi
678 3807 774 3865 dicant
792 3804 905 3865 enideo
925 3817 1029 3875 assuta,
1050 3826 1138 3882 quum
1159 3811 1270 3869 exordii

53 3882 148 3981 'anim
156 3901 311 3964 riderentur
324 3907 487 3965 convenire.
529 3904 614 3973 Quod
628 3905 663 3963 ad
677 3905 827 3964 Ebionitas
840 3921 875 3963 ea
888 3904 1049 3984 rejicientes
1063 3905 1195 3995 pertinet,
1210 3925 1268 3967 non

372 4143 416 4208 (l)
434 4141 528 4204 Eclogtt
538 4141 571 4193 is.
752 4202 756 4207 1

273 4282 277 4286 Β
375 4228 418 4293 (2)
438 4227 568 4278 Unitariau
576 4226 730 4293 Miscehnny,
740 4227 788 4279 vol.
798 4228 830 4279 vi.
841 4243 866 4295 p.
877 4230 936 4280 ³28.

371 4314 413 4380 (a)
431 4312 532 4374 utrem,
542 4328 568 4380 p.
579 4315 638 4362 aas.

640 4398 696 4455 lu*
